Store,Date,Temperature,Fuel_Price,CPI,Unemployment,IsHoliday,Size,Sales,StoreType
1,2/5/10,42.31,2.572,211.0963582,8.106,0,151315,1643690.9,A
2,2/5/10,40.19,2.572,210.7526053,8.324,0,202307,2136989.46,A
3,2/5/10,45.71,2.572,214.4248812,7.368,0,37392,461622.22,B
4,2/5/10,43.76,2.598,126.4420645,8.623,0,205863,2135143.87,A
5,2/5/10,39.7,2.572,211.6539716,6.566,0,34875,317173.1,B
6,2/5/10,40.43,2.572,212.6223518,7.259,0,202505,1652635.1,A
7,2/5/10,10.53,2.58,189.3816974,9.014,0,70713,496725.44,B
8,2/5/10,34.14,2.572,214.4714512,6.299,0,155078,1004137.09,A
9,2/5/10,38.01,2.572,214.6554591,6.415,0,125833,549505.55,B
10,2/5/10,54.34,2.962,126.4420645,9.765,0,126512,2193048.75,B
11,2/5/10,46.04,2.572,214.4248812,7.368,0,207499,1528008.64,A
12,2/5/10,49.47,2.962,126.4420645,13.975,0,112238,1100046.37,B
13,2/5/10,31.53,2.666,126.4420645,8.316,0,219622,1967220.53,A
14,2/5/10,27.31,2.784,181.8711898,8.992,0,200898,2623469.95,A
15,2/5/10,19.83,2.954,131.5279032,8.35,0,123737,652122.44,B
16,2/5/10,19.79,2.58,189.3816974,7.039,0,57197,477409.3,B
17,2/5/10,23.11,2.666,126.4420645,6.548,0,93188,789036.02,B
18,2/5/10,21.33,2.788,131.5279032,9.202,0,120653,1205307.5,B
19,2/5/10,20.96,2.954,131.5279032,8.35,0,203819,1507637.17,A
20,2/5/10,25.92,2.784,204.2471935,8.187,0,203742,2401395.47,A
21,2/5/10,39.05,2.572,210.7526053,8.324,0,140167,798593.88,B
22,2/5/10,24.36,2.788,135.3524608,8.283,0,119557,1033017.37,B
23,2/5/10,15.25,2.788,131.5279032,5.892,0,114533,1364721.58,B
24,2/5/10,22.43,2.954,131.5279032,8.326,0,203819,1388725.63,A
25,2/5/10,21.1,2.784,204.2471935,8.187,0,128107,677231.63,B
26,2/5/10,9.55,2.788,131.5279032,8.488,0,152513,1034119.21,A
27,2/5/10,27.19,2.954,135.3524608,8.237,0,204184,1874289.79,A
28,2/5/10,49.47,2.962,126.4420645,13.975,0,206302,1672352.29,A
29,2/5/10,24.36,2.788,131.5279032,10.064,0,93638,538634.46,B
30,2/5/10,39.05,2.572,210.7526053,8.324,0,42988,465108.52,C
31,2/5/10,39.05,2.572,210.7526053,8.324,0,203750,1469252.05,A
32,2/5/10,34.43,2.58,189.3816974,9.014,0,203007,1087616.19,A
33,2/5/10,58.4,2.962,126.4420645,10.115,0,39690,274593.43,A
34,2/5/10,35.44,2.598,126.4420645,9.521,0,158114,956228.96,A
35,2/5/10,27.19,2.784,135.3524608,9.262,0,103681,1230613.5,B
36,2/5/10,45.97,2.545,209.8529663,8.554,0,39910,467546.74,A
37,2/5/10,45.97,2.572,209.8529663,8.554,0,39910,536006.73,C
38,2/5/10,49.47,2.962,126.4420645,13.975,0,39690,358496.14,C
39,2/5/10,44.3,2.572,209.8529663,8.554,0,184109,1230596.8,A
40,2/5/10,14.48,2.788,131.5279032,5.892,0,155083,1001943.8,A
41,2/5/10,30.27,2.58,189.3816974,7.541,0,196321,1086533.18,A
42,2/5/10,54.34,2.962,126.4420645,9.765,0,39690,543384.01,C
43,2/5/10,47.31,2.572,203.0642742,9.521,0,41062,647029.28,C
44,2/5/10,31.53,2.666,126.4420645,8.119,0,39910,281090.95,C
45,2/5/10,27.31,2.784,181.8711898,8.992,0,118221,890689.51,B
1,2/12/10,38.51,2.548,211.2421698,8.106,1,151315,1641957.44,A
2,2/12/10,38.49,2.548,210.8979935,8.324,1,202307,2137809.5,A
3,2/12/10,47.93,2.548,214.5747916,7.368,1,37392,420728.96,B
4,2/12/10,28.84,2.573,126.4962581,8.623,1,205863,2188307.39,A
5,2/12/10,39.81,2.548,211.8004698,6.566,1,34875,311825.7,B
6,2/12/10,40.57,2.548,212.7700425,7.259,1,202505,1606283.86,A
7,2/12/10,25.9,2.572,189.4642725,9.014,1,70713,524104.92,B
8,2/12/10,33.34,2.548,214.6214189,6.299,1,155078,994801.4,A
9,2/12/10,37.08,2.548,214.8056534,6.415,1,125833,552677.48,B
10,2/12/10,49.96,2.828,126.4962581,9.765,1,126512,2176028.52,B
11,2/12/10,48.01,2.548,214.5747916,7.368,1,207499,1574684.08,A
12,2/12/10,47.87,2.946,126.4962581,13.975,1,112238,1117863.33,B
13,2/12/10,33.16,2.671,126.4962581,8.316,1,219622,2030933.46,A
14,2/12/10,27.73,2.773,181.982317,8.992,1,200898,1704218.84,A
15,2/12/10,22,2.94,131.5866129,8.35,1,123737,682447.1,B
16,2/12/10,20.87,2.572,189.4642725,7.039,1,57197,472044.28,B
17,2/12/10,18.36,2.671,126.4962581,6.548,1,93188,841951.91,B
18,2/12/10,26.41,2.771,131.5866129,9.202,1,120653,1187880.7,B
19,2/12/10,23.22,2.94,131.5866129,8.35,1,203819,1536549.95,A
20,2/12/10,22.12,2.773,204.3857472,8.187,1,203742,2109107.9,A
21,2/12/10,37.77,2.548,210.8979935,8.324,1,140167,809321.44,B
22,2/12/10,28.14,2.771,135.4113076,8.283,1,119557,1022571.25,B
23,2/12/10,18.75,2.771,131.5866129,5.892,1,114533,1380892.08,B
24,2/12/10,25.94,2.94,131.5866129,8.326,1,203819,1414107.1,A
25,2/12/10,19.64,2.773,204.3857472,8.187,1,128107,583364.02,B
26,2/12/10,18.14,2.771,131.5866129,8.488,1,152513,1015684.09,A
27,2/12/10,29.81,2.94,135.4113076,8.237,1,204184,1745362.72,A
28,2/12/10,47.87,2.946,126.4962581,13.975,1,206302,1558968.49,A
29,2/12/10,28.14,2.771,131.5866129,10.064,1,93638,529672.95,B
30,2/12/10,37.77,2.548,210.8979935,8.324,1,42988,497374.57,C
31,2/12/10,37.77,2.548,210.8979935,8.324,1,203750,1543947.23,A
32,2/12/10,28.09,2.572,189.4642725,9.014,1,203007,1123566.12,A
33,2/12/10,55.47,2.828,126.4962581,10.115,1,39690,294882.83,A
34,2/12/10,36.13,2.573,126.4962581,9.521,1,158114,994610.99,A
35,2/12/10,29.81,2.773,135.4113076,9.262,1,103681,1168815.31,B
36,2/12/10,46.11,2.539,209.9970208,8.554,1,39910,469563.7,A
37,2/12/10,46.11,2.548,209.9970208,8.554,1,39910,529852.7,C
38,2/12/10,47.87,2.946,126.4962581,13.975,1,39690,342214.9,C
39,2/12/10,44.58,2.548,209.9970208,8.554,1,184109,1266229.07,A
40,2/12/10,20.84,2.771,131.5866129,5.892,1,155083,955338.29,A
41,2/12/10,23.04,2.572,189.4642725,7.541,1,196321,1075656.34,A
42,2/12/10,49.96,2.828,126.4962581,9.765,1,39690,575709.96,C
43,2/12/10,47.99,2.548,203.2010968,9.521,1,41062,682918.99,C
44,2/12/10,33.16,2.671,126.4962581,8.119,1,39910,286857.13,C
45,2/12/10,27.73,2.773,181.982317,8.992,1,118221,656988.64,B
1,2/19/10,39.93,2.514,211.2891429,8.106,0,151315,1611968.17,A
2,2/19/10,39.69,2.514,210.9451605,8.324,0,202307,2124451.54,A
3,2/19/10,47.07,2.514,214.6198868,7.368,0,37392,421642.19,B
4,2/19/10,36.45,2.54,126.5262857,8.623,0,205863,2049860.26,A
5,2/19/10,41.14,2.514,211.8471283,6.566,0,34875,303447.57,B
6,2/19/10,43.58,2.514,212.8161546,7.259,0,202505,1567138.07,A
7,2/19/10,27.28,2.55,189.5340998,9.014,0,70713,506760.54,B
8,2/19/10,39.1,2.514,214.6664878,6.299,0,155078,963960.37,A
9,2/19/10,43.06,2.514,214.8506185,6.415,0,125833,511327.9,B
10,2/19/10,58.22,2.915,126.5262857,9.765,0,126512,2113432.58,B
11,2/19/10,48.3,2.514,214.6198868,7.368,0,207499,1503298.7,A
12,2/19/10,54.83,2.915,126.5262857,13.975,0,112238,1095421.65,B
13,2/19/10,35.7,2.654,126.5262857,8.316,0,219622,1970274.64,A
14,2/19/10,31.27,2.745,182.0347816,8.992,0,200898,2204556.7,A
15,2/19/10,27.54,2.909,131.637,8.35,0,123737,660838.75,B
16,2/19/10,21.13,2.55,189.5340998,7.039,0,57197,469868.7,B
17,2/19/10,25.06,2.654,126.5262857,6.548,0,93188,800714,B
18,2/19/10,30.91,2.747,131.637,9.202,0,120653,1150663.42,B
19,2/19/10,28.57,2.909,131.637,8.35,0,203819,1515976.11,A
20,2/19/10,25.43,2.745,204.4321004,8.187,0,203742,2161549.76,A
21,2/19/10,39.75,2.514,210.9451605,8.324,0,140167,867283.25,B
22,2/19/10,31.96,2.747,135.4657781,8.283,0,119557,988467.61,B
23,2/19/10,26.7,2.747,131.637,5.892,0,114533,1319588.04,B
24,2/19/10,31.05,2.909,131.637,8.326,0,203819,1385362.49,A
25,2/19/10,24.16,2.745,204.4321004,8.187,0,128107,676260.67,B
26,2/19/10,22.62,2.747,131.637,8.488,0,152513,999348.55,A
27,2/19/10,32.44,2.909,135.4657781,8.237,0,204184,1945070.33,A
28,2/19/10,54.83,2.915,126.5262857,13.975,0,206302,1491300.42,A
29,2/19/10,31.96,2.747,131.637,10.064,0,93638,542399.07,B
30,2/19/10,39.75,2.514,210.9451605,8.324,0,42988,463513.26,C
31,2/19/10,39.75,2.514,210.9451605,8.324,0,203750,1473386.75,A
32,2/19/10,29.16,2.55,189.5340998,9.014,0,203007,1082559.06,A
33,2/19/10,62.16,2.915,126.5262857,10.115,0,39690,296850.83,A
34,2/19/10,38.36,2.54,126.5262857,9.521,0,158114,983963.07,A
35,2/19/10,32.44,2.745,135.4657781,9.262,0,103681,1270658.64,B
36,2/19/10,45.66,2.472,210.0451024,8.554,0,39910,470281.03,A
37,2/19/10,45.66,2.514,210.0451024,8.554,0,39910,510382.5,C
38,2/19/10,54.83,2.915,126.5262857,13.975,0,39690,327237.92,C
39,2/19/10,43.96,2.514,210.0451024,8.554,0,184109,1230591.97,A
40,2/19/10,27.84,2.747,131.637,5.892,0,155083,916289.2,A
41,2/19/10,24.13,2.55,189.5340998,7.541,0,196321,1052034.74,A
42,2/19/10,58.22,2.915,126.5262857,9.765,0,39690,508794.87,C
43,2/19/10,48.77,2.514,203.2479796,9.521,0,41062,658997.55,C
44,2/19/10,35.7,2.654,126.5262857,8.119,0,39910,267956.3,C
45,2/19/10,31.27,2.745,182.0347816,8.992,0,118221,841264.04,B
1,2/26/10,46.63,2.561,211.3196429,8.106,0,151315,1409727.59,A
2,2/26/10,46.1,2.561,210.9759573,8.324,0,202307,1865097.27,A
3,2/26/10,52.05,2.561,214.6475127,7.368,0,37392,407204.86,B
4,2/26/10,41.36,2.59,126.5522857,8.623,0,205863,1925728.84,A
5,2/26/10,46.7,2.561,211.8771468,6.566,0,34875,270281.63,B
6,2/26/10,47.1,2.561,212.845337,7.259,0,202505,1432953.21,A
7,2/26/10,24.91,2.586,189.6018023,9.014,0,70713,496083.24,B
8,2/26/10,37.91,2.561,214.6940735,6.299,0,155078,847592.11,A
9,2/26/10,43.83,2.561,214.8780453,6.415,0,125833,473773.27,B
10,2/26/10,52.77,2.825,126.5522857,9.765,0,126512,2006774.96,B
11,2/26/10,52.79,2.561,214.6475127,7.368,0,207499,1336404.65,A
12,2/26/10,50.23,2.825,126.5522857,13.975,0,112238,1048617.17,B
13,2/26/10,29.98,2.667,126.5522857,8.316,0,219622,1817850.32,A
14,2/26/10,34.89,2.754,182.0774691,8.992,0,200898,2095591.63,A
15,2/26/10,29.87,2.91,131.686,8.35,0,123737,564883.2,B
16,2/26/10,18.12,2.586,189.6018023,7.039,0,57197,443242.17,B
17,2/26/10,15.64,2.667,126.5522857,6.548,0,93188,749549.55,B
18,2/26/10,35.42,2.753,131.686,9.202,0,120653,1068157.45,B
19,2/26/10,30.33,2.91,131.686,8.35,0,203819,1373270.06,A
20,2/26/10,32.32,2.754,204.4630869,8.187,0,203742,1898193.95,A
21,2/26/10,45.31,2.561,210.9759573,8.324,0,140167,749597.24,B
22,2/26/10,35.98,2.753,135.5195191,8.283,0,119557,899761.48,B
23,2/26/10,32.68,2.753,131.686,5.892,0,114533,1198709.65,B
24,2/26/10,33.98,2.91,131.686,8.326,0,203819,1158722.74,A
25,2/26/10,29.16,2.754,204.4630869,8.187,0,128107,628516.57,B
26,2/26/10,27.32,2.753,131.686,8.488,0,152513,855385.01,A
27,2/26/10,36,2.91,135.5195191,8.237,0,204184,1390934.27,A
28,2/26/10,50.23,2.825,126.5522857,13.975,0,206302,1542173.33,A
29,2/26/10,35.98,2.753,131.686,10.064,0,93638,488417.61,B
30,2/26/10,45.31,2.561,210.9759573,8.324,0,42988,472330.71,C
31,2/26/10,45.31,2.561,210.9759573,8.324,0,203750,1344354.41,A
32,2/26/10,26.64,2.586,189.6018023,9.014,0,203007,1053247.1,A
33,2/26/10,56.5,2.825,126.5522857,10.115,0,39690,284052.77,A
34,2/26/10,37.28,2.59,126.5522857,9.521,0,158114,905756.13,A
35,2/26/10,36,2.754,135.5195191,9.262,0,103681,1020651.74,B
36,2/26/10,50.87,2.52,210.0771885,8.554,0,39910,447519.44,A
37,2/26/10,50.87,2.561,210.0771885,8.554,0,39910,513615.82,C
38,2/26/10,50.23,2.825,126.5522857,13.975,0,39690,334222.73,C
39,2/26/10,49.79,2.561,210.0771885,8.554,0,184109,1168582.02,A
40,2/26/10,33.32,2.753,131.686,5.892,0,155083,863917.41,A
41,2/26/10,21.84,2.586,189.6018023,7.541,0,196321,991941.73,A
42,2/26/10,52.77,2.825,126.5522857,9.765,0,39690,491510.58,C
43,2/26/10,48.77,2.561,203.2798724,9.521,0,41062,618702.79,C
44,2/26/10,29.98,2.667,126.5522857,8.119,0,39910,273079.07,C
45,2/26/10,34.89,2.754,182.0774691,8.992,0,118221,741891.65,B
1,3/5/10,46.5,2.625,211.3501429,8.106,0,151315,1554806.68,A
2,3/5/10,47.17,2.625,211.0067542,8.324,0,202307,1991013.13,A
3,3/5/10,53.04,2.625,214.6751386,7.368,0,37392,415202.04,B
4,3/5/10,43.49,2.654,126.5782857,8.623,0,205863,1971057.44,A
5,3/5/10,48.89,2.625,211.9071653,6.566,0,34875,288855.71,B
6,3/5/10,49.63,2.625,212.8745193,7.259,0,202505,1601348.82,A
7,3/5/10,35.86,2.62,189.6695049,9.014,0,70713,491419.55,B
8,3/5/10,45.64,2.625,214.7216592,6.299,0,155078,881503.95,A
9,3/5/10,48.43,2.625,214.9054721,6.415,0,125833,507297.88,B
10,3/5/10,55.92,2.877,126.5782857,9.765,0,126512,1987090.09,B
11,3/5/10,53.96,2.625,214.6751386,7.368,0,207499,1426622.65,A
12,3/5/10,53.77,2.987,126.5782857,13.975,0,112238,1077018.27,B
13,3/5/10,40.65,2.681,126.5782857,8.316,0,219622,1939980.43,A
14,3/5/10,37.13,2.777,182.1201566,8.992,0,200898,2237544.75,A
15,3/5/10,31.79,2.919,131.735,8.35,0,123737,605325.43,B
16,3/5/10,27.92,2.62,189.6695049,7.039,0,57197,444181.85,B
17,3/5/10,31.58,2.681,126.5782857,6.548,0,93188,783300.05,B
18,3/5/10,37.17,2.766,131.735,9.202,0,120653,1179738.5,B
19,3/5/10,32.92,2.919,131.735,8.35,0,203819,1495844.57,A
20,3/5/10,31.75,2.777,204.4940734,8.187,0,203742,2119213.72,A
21,3/5/10,48.61,2.625,211.0067542,8.324,0,140167,747444.32,B
22,3/5/10,36.82,2.766,135.5732602,8.283,0,119557,1009201.24,B
23,3/5/10,33.15,2.766,131.735,5.892,0,114533,1311175.93,B
24,3/5/10,36.73,2.919,131.735,8.326,0,203819,1412387.37,A
25,3/5/10,29.45,2.777,204.4940734,8.187,0,128107,665750.06,B
26,3/5/10,28.6,2.766,131.735,8.488,0,152513,1005669.58,A
27,3/5/10,38.07,2.919,135.5732602,8.237,0,204184,1313729.72,A
28,3/5/10,53.77,2.987,126.5782857,13.975,0,206302,1608435.45,A
29,3/5/10,36.82,2.766,131.735,10.064,0,93638,535087.91,B
30,3/5/10,48.61,2.625,211.0067542,8.324,0,42988,472591.07,C
31,3/5/10,48.61,2.625,211.0067542,8.324,0,203750,1384870.51,A
32,3/5/10,37.72,2.62,189.6695049,9.014,0,203007,1066566.74,A
33,3/5/10,59.17,2.877,126.5782857,10.115,0,39690,291484.89,A
34,3/5/10,42.65,2.654,126.5782857,9.521,0,158114,918295.79,A
35,3/5/10,38.07,2.777,135.5732602,9.262,0,103681,1162610.27,B
36,3/5/10,51.33,2.574,210.1092746,8.554,0,39910,480203.43,A
37,3/5/10,51.33,2.625,210.1092746,8.554,0,39910,519255.68,C
38,3/5/10,53.77,2.987,126.5782857,13.975,0,39690,372239.89,C
39,3/5/10,50.93,2.625,210.1092746,8.554,0,184109,1266254.21,A
40,3/5/10,34.78,2.766,131.735,5.892,0,155083,990152.28,A
41,3/5/10,32.49,2.62,189.6695049,7.541,0,196321,1063557.49,A
42,3/5/10,55.92,2.877,126.5782857,9.765,0,39690,554972.42,C
43,3/5/10,52.89,2.625,203.3117653,9.521,0,41062,658600.05,C
44,3/5/10,40.65,2.681,126.5782857,8.119,0,39910,284617.27,C
45,3/5/10,37.13,2.777,182.1201566,8.992,0,118221,777951.22,B
1,3/12/10,57.79,2.667,211.3806429,8.106,0,151315,1439541.59,A
2,3/12/10,57.56,2.667,211.037551,8.324,0,202307,1990483.78,A
3,3/12/10,63.08,2.667,214.7027646,7.368,0,37392,384200.69,B
4,3/12/10,49.63,2.704,126.6042857,8.623,0,205863,1894324.09,A
5,3/12/10,58.5,2.667,211.9371839,6.566,0,34875,297293.59,B
6,3/12/10,58.82,2.667,212.9037017,7.259,0,202505,1558621.36,A
7,3/12/10,27.25,2.684,189.7372075,9.014,0,70713,480452.1,B
8,3/12/10,49.76,2.667,214.7492449,6.299,0,155078,860336.16,A
9,3/12/10,55.76,2.667,214.932899,6.415,0,125833,494145.8,B
10,3/12/10,52.33,3.034,126.6042857,9.765,0,126512,1941346.13,B
11,3/12/10,64.1,2.667,214.7027646,7.368,0,207499,1331883.16,A
12,3/12/10,50.11,2.925,126.6042857,13.975,0,112238,985594.23,B
13,3/12/10,37.62,2.733,126.6042857,8.316,0,219622,1840686.94,A
14,3/12/10,45.8,2.818,182.1628441,8.992,0,200898,2156035.06,A
15,3/12/10,41.39,2.938,131.784,8.35,0,123737,604173.59,B
16,3/12/10,28.64,2.684,189.7372075,7.039,0,57197,445393.74,B
17,3/12/10,29.71,2.733,126.6042857,6.548,0,93188,763961.82,B
18,3/12/10,42.39,2.805,131.784,9.202,0,120653,1138800.32,B
19,3/12/10,39.06,2.938,131.784,8.35,0,203819,1467889.2,A
20,3/12/10,43.82,2.818,204.5250598,8.187,0,203742,2010974.84,A
21,3/12/10,57.1,2.667,211.037551,8.324,0,140167,712312.89,B
22,3/12/10,43.43,2.805,135.6270013,8.283,0,119557,967187.37,B
23,3/12/10,36.07,2.805,131.784,5.892,0,114533,1408082.96,B
24,3/12/10,42.31,2.938,131.784,8.326,0,203819,1309340.16,A
25,3/12/10,40.05,2.818,204.5250598,8.187,0,128107,660619.99,B
26,3/12/10,31.1,2.805,131.784,8.488,0,152513,963382.09,A
27,3/12/10,45.98,2.938,135.6270013,8.237,0,204184,1925113.12,A
28,3/12/10,50.11,2.925,126.6042857,13.975,0,206302,1326877.11,A
29,3/12/10,43.43,2.805,131.784,10.064,0,93638,519042.49,B
30,3/12/10,57.1,2.667,211.037551,8.324,0,42988,468189.93,C
31,3/12/10,57.1,2.667,211.037551,8.324,0,203750,1366193.35,A
32,3/12/10,39.88,2.684,189.7372075,9.014,0,203007,1093319.37,A
33,3/12/10,55.61,3.034,126.6042857,10.115,0,39690,312161,A
34,3/12/10,42.26,2.704,126.6042857,9.521,0,158114,921247.88,A
35,3/12/10,45.98,2.818,135.6270013,9.262,0,103681,1150344.39,B
36,3/12/10,61.96,2.619,210.1413607,8.554,0,39910,441434.2,A
37,3/12/10,61.96,2.667,210.1413607,8.554,0,39910,513015.35,C
38,3/12/10,50.11,2.925,126.6042857,13.975,0,39690,342023.92,C
39,3/12/10,61.88,2.667,210.1413607,8.554,0,184109,1244391.83,A
40,3/12/10,35.1,2.805,131.784,5.892,0,155083,899352.4,A
41,3/12/10,33.4,2.684,189.7372075,7.541,0,196321,1023997.71,A
42,3/12/10,52.33,3.034,126.6042857,9.765,0,39690,588363.62,C
43,3/12/10,53.67,2.667,203.3436582,9.521,0,41062,645386.94,C
44,3/12/10,37.62,2.733,126.6042857,8.119,0,39910,272190.83,C
45,3/12/10,45.8,2.818,182.1628441,8.992,0,118221,765687.42,B
1,3/19/10,54.58,2.72,211.215635,8.106,0,151315,1472515.79,A
2,3/19/10,54.52,2.72,210.8733316,8.324,0,202307,1946070.88,A
3,3/19/10,60.42,2.72,214.5301219,7.368,0,37392,375328.59,B
4,3/19/10,55.19,2.743,126.6066452,8.623,0,205863,1897429.36,A
5,3/19/10,55.46,2.72,211.770897,6.566,0,34875,281706.41,B
6,3/19/10,56.55,2.72,212.7351935,7.259,0,202505,1693058.91,A
7,3/19/10,29.04,2.692,189.734262,9.014,0,70713,574450.23,B
8,3/19/10,47.26,2.72,214.5764954,6.299,0,155078,839911,A
9,3/19/10,53.15,2.72,214.7597274,6.415,0,125833,485744.61,B
10,3/19/10,61.46,3.054,126.6066452,9.765,0,126512,1946875.06,B
11,3/19/10,61.51,2.72,214.5301219,7.368,0,207499,1364207,A
12,3/19/10,59.57,3.054,126.6066452,13.975,0,112238,972088.34,B
13,3/19/10,42.49,2.782,126.6066452,8.316,0,219622,1879794.89,A
14,3/19/10,48.79,2.844,182.0779857,8.992,0,200898,2066219.3,A
15,3/19/10,44.69,2.96,131.8242903,8.35,0,123737,593710.67,B
16,3/19/10,33.45,2.692,189.734262,7.039,0,57197,504307.35,B
17,3/19/10,33.96,2.782,126.6066452,6.548,0,93188,752034.52,B
18,3/19/10,45.42,2.834,131.8242903,9.202,0,120653,1087507.47,B
19,3/19/10,43.74,2.96,131.8242903,8.35,0,203819,1332940.35,A
20,3/19/10,47.32,2.844,204.3782258,8.187,0,203742,1951848.43,A
21,3/19/10,54.68,2.72,210.8733316,8.324,0,140167,727070,B
22,3/19/10,46.03,2.834,135.6682247,8.283,0,119557,966145.09,B
23,3/19/10,43.01,2.834,131.8242903,5.892,0,114533,1229008.32,B
24,3/19/10,46.09,2.96,131.8242903,8.326,0,203819,1222511.29,A
25,3/19/10,45,2.844,204.3782258,8.187,0,128107,659795.84,B
26,3/19/10,35.34,2.834,131.8242903,8.488,0,152513,903366.55,A
27,3/19/10,49.04,2.96,135.6682247,8.237,0,204184,1700627.97,A
28,3/19/10,59.57,3.054,126.6066452,13.975,0,206302,1279819.43,A
29,3/19/10,46.03,2.834,131.8242903,10.064,0,93638,496851.6,B
30,3/19/10,54.68,2.72,210.8733316,8.324,0,42988,445736.36,C
31,3/19/10,54.68,2.72,210.8733316,8.324,0,203750,1332261.01,A
32,3/19/10,42.43,2.692,189.734262,9.014,0,203007,1059781.78,A
33,3/19/10,64.6,3.054,126.6066452,10.115,0,39690,282235.73,A
34,3/19/10,45.86,2.743,126.6066452,9.521,0,158114,892070.82,A
35,3/19/10,49.04,2.844,135.6682247,9.262,0,103681,1117536.09,B
36,3/19/10,59.56,2.701,209.9803208,8.554,0,39910,428851.99,A
37,3/19/10,59.56,2.72,209.9803208,8.554,0,39910,460020.74,C
38,3/19/10,59.57,3.054,126.6066452,13.975,0,39690,333025.47,C
39,3/19/10,58.62,2.72,209.9803208,8.554,0,184109,1301590.13,A
40,3/19/10,40.54,2.834,131.8242903,5.892,0,155083,894865.3,A
41,3/19/10,36.7,2.692,189.734262,7.541,0,196321,1006597.69,A
42,3/19/10,61.46,3.054,126.6066452,9.765,0,39690,519914.1,C
43,3/19/10,56,2.72,203.195159,9.521,0,41062,668098.49,C
44,3/19/10,42.49,2.782,126.6066452,8.119,0,39910,269624.2,C
45,3/19/10,48.79,2.844,182.0779857,8.992,0,118221,773819.49,B
1,3/26/10,51.45,2.732,211.0180424,8.106,0,151315,1404429.92,A
2,3/26/10,51.26,2.732,210.6766095,8.324,0,202307,1750197.81,A
3,3/26/10,57.06,2.732,214.3241011,7.368,0,37392,359949.27,B
4,3/26/10,39.91,2.752,126.6050645,8.623,0,205863,1762539.3,A
5,3/26/10,52.47,2.732,211.5718925,6.566,0,34875,273282.97,B
6,3/26/10,53.74,2.732,212.533737,7.259,0,202505,1472033.38,A
7,3/26/10,23.33,2.717,189.7195417,9.014,0,70713,514731.6,B
8,3/26/10,46.51,2.732,214.3703567,6.299,0,155078,772539.12,A
9,3/26/10,51.8,2.732,214.5531227,6.415,0,125833,484946.56,B
10,3/26/10,60.05,2.98,126.6050645,9.765,0,126512,1893532.46,B
11,3/26/10,58.09,2.732,214.3241011,7.368,0,207499,1245624.27,A
12,3/26/10,60.06,3.083,126.6050645,13.975,0,112238,981615.81,B
13,3/26/10,41.48,2.819,126.6050645,8.316,0,219622,1882095.98,A
14,3/26/10,54.36,2.854,181.9718697,8.992,0,200898,2050396.27,A
15,3/26/10,39.53,2.963,131.863129,8.35,0,123737,592111.49,B
16,3/26/10,29.88,2.717,189.7195417,7.039,0,57197,483177.2,B
17,3/26/10,35.59,2.819,126.6050645,6.548,0,93188,793097.64,B
18,3/26/10,47.55,2.831,131.863129,9.202,0,120653,1092704.09,B
19,3/26/10,39.07,2.963,131.863129,8.35,0,203819,1427023.45,A
20,3/26/10,50.49,2.854,204.201755,8.187,0,203742,1894742.95,A
21,3/26/10,51.66,2.732,210.6766095,8.324,0,140167,686497.53,B
22,3/26/10,48.56,2.831,135.7073618,8.283,0,119557,1012075.12,B
23,3/26/10,38.59,2.831,131.863129,5.892,0,114533,1310701.8,B
24,3/26/10,48.87,2.963,131.863129,8.326,0,203819,1258311.56,A
25,3/26/10,45.84,2.854,204.201755,8.187,0,128107,696687.6,B
26,3/26/10,35.26,2.831,131.863129,8.488,0,152513,893613,A
27,3/26/10,52.34,2.963,135.7073618,8.237,0,204184,1836714.84,A
28,3/26/10,60.06,3.083,126.6050645,13.975,0,206302,1245268.77,A
29,3/26/10,48.56,2.831,131.863129,10.064,0,93638,552985.34,B
30,3/26/10,51.66,2.732,210.6766095,8.324,0,42988,442457.35,C
31,3/26/10,51.66,2.732,210.6766095,8.324,0,203750,1229635.7,A
32,3/26/10,36.59,2.717,189.7195417,9.014,0,203007,1076021.58,A
33,3/26/10,64.09,2.98,126.6050645,10.115,0,39690,262893.76,A
34,3/26/10,42.91,2.752,126.6050645,9.521,0,158114,880742.35,A
35,3/26/10,52.34,2.854,135.7073618,9.262,0,103681,1078900.44,B
36,3/26/10,55.76,2.711,209.7870932,8.554,0,39910,404438.51,A
37,3/26/10,55.76,2.732,209.7870932,8.554,0,39910,515777.97,C
38,3/26/10,60.06,3.083,126.6050645,13.975,0,39690,335858.11,C
39,3/26/10,54.83,2.732,209.7870932,8.554,0,184109,1235094.66,A
40,3/26/10,39.51,2.831,131.863129,5.892,0,155083,873354.58,A
41,3/26/10,32.3,2.717,189.7195417,7.541,0,196321,1015196.46,A
42,3/26/10,60.05,2.98,126.6050645,9.765,0,39690,478021.68,C
43,3/26/10,54.53,2.732,203.0165945,9.521,0,41062,623097.93,C
44,3/26/10,41.48,2.819,126.6050645,8.119,0,39910,276279.49,C
45,3/26/10,54.36,2.854,181.9718697,8.992,0,118221,782563.38,B
1,4/2/10,62.27,2.719,210.8204499,7.808,0,151315,1594968.28,A
2,4/2/10,63.27,2.719,210.4798874,8.2,0,202307,2066187.72,A
3,4/2/10,65.56,2.719,214.1180803,7.343,0,37392,423294.4,B
4,4/2/10,48.77,2.74,126.6034839,7.896,0,205863,1979247.12,A
5,4/2/10,63.18,2.719,211.372888,6.465,0,34875,331406,B
6,4/2/10,64.94,2.719,212.3322805,7.092,0,202505,1770333.9,A
7,4/2/10,38.26,2.725,189.7048215,8.963,0,70713,561145.14,B
8,4/2/10,60.18,2.719,214.164218,6.29,0,155078,914500.91,A
9,4/2/10,65.21,2.719,214.3465181,6.384,0,125833,545206.32,B
10,4/2/10,63.66,3.086,126.6034839,9.524,0,126512,2138651.97,B
11,4/2/10,66.16,2.719,214.1180803,7.343,0,207499,1446210.26,A
12,4/2/10,59.84,3.086,126.6034839,14.099,0,112238,1011822.3,B
13,4/2/10,42.15,2.842,126.6034839,8.107,0,219622,2142482.14,A
14,4/2/10,47.74,2.85,181.8657537,8.899,0,200898,2495630.51,A
15,4/2/10,45.27,2.957,131.9019677,8.185,0,123737,718470.71,B
16,4/2/10,36.19,2.725,189.7048215,6.842,0,57197,490503.69,B
17,4/2/10,36.94,2.842,126.6034839,6.635,0,93188,848521.17,B
18,4/2/10,45.63,2.826,131.9019677,9.269,0,120653,1254107.84,B
19,4/2/10,45.26,2.957,131.9019677,8.185,0,203819,1642970.27,A
20,4/2/10,51,2.85,204.0252842,7.856,0,203742,2405395.22,A
21,4/2/10,64.12,2.719,210.4798874,8.2,0,140167,753664.12,B
22,4/2/10,44.96,2.826,135.7464988,8.348,0,119557,1177340.99,B
23,4/2/10,40.5,2.826,131.9019677,5.435,0,114533,1556627.62,B
24,4/2/10,45.22,2.957,131.9019677,8.211,0,203819,1478321.26,A
25,4/2/10,47.2,2.85,204.0252842,7.856,0,128107,822486.37,B
26,4/2/10,36.53,2.826,131.9019677,8.512,0,152513,1029849.2,A
27,4/2/10,46.9,2.957,135.7464988,8.058,0,204184,2053952.97,A
28,4/2/10,59.84,3.086,126.6034839,14.099,0,206302,1441559.4,A
29,4/2/10,44.96,2.826,131.9019677,10.16,0,93638,599629.25,B
30,4/2/10,64.12,2.719,210.4798874,8.2,0,42988,457884.06,C
31,4/2/10,64.12,2.719,210.4798874,8.2,0,203750,1357600.68,A
32,4/2/10,48.28,2.725,189.7048215,8.963,0,203007,1131732.94,A
33,4/2/10,66.79,3.086,126.6034839,9.849,0,39690,274634.52,A
34,4/2/10,50.07,2.74,126.6034839,9.593,0,158114,979428.66,A
35,4/2/10,46.9,2.85,135.7464988,9.051,0,103681,1189556.47,B
36,4/2/10,63.43,2.708,209.5938656,8.464,0,39910,435972.82,A
37,4/2/10,63.43,2.719,209.5938656,8.464,0,39910,540189.7,C
38,4/2/10,59.84,3.086,126.6034839,14.099,0,39690,368929.55,C
39,4/2/10,63.31,2.719,209.5938656,8.464,0,184109,1463942.62,A
40,4/2/10,41.39,2.826,131.9019677,5.435,0,155083,1041202.13,A
41,4/2/10,41.31,2.725,189.7048215,7.363,0,196321,1168826.39,A
42,4/2/10,63.66,3.086,126.6034839,9.524,0,39690,505907.41,C
43,4/2/10,62.19,2.719,202.83803,9.593,0,41062,650102.8,C
44,4/2/10,42.15,2.842,126.6034839,7.972,0,39910,286197.5,C
45,4/2/10,47.74,2.85,181.8657537,8.899,0,118221,877235.96,B
1,4/9/10,65.86,2.77,210.6228574,7.808,0,151315,1545418.53,A
2,4/9/10,65.41,2.77,210.2831653,8.2,0,202307,1954689.21,A
3,4/9/10,68,2.77,213.9120595,7.343,0,37392,415870.28,B
4,4/9/10,54.16,2.773,126.6019032,7.896,0,205863,1818452.72,A
5,4/9/10,65.19,2.77,211.1738835,6.465,0,34875,328020.49,B
6,4/9/10,66.15,2.77,212.1308239,7.092,0,202505,1667181.82,A
7,4/9/10,33.79,2.75,189.6901012,8.963,0,70713,484263.25,B
8,4/9/10,59.25,2.77,213.9580793,6.29,0,155078,916033.92,A
9,4/9/10,64.95,2.77,214.1399135,6.384,0,125833,529384.31,B
10,4/9/10,65.29,3.004,126.6019032,9.524,0,126512,2041069.37,B
11,4/9/10,69.57,2.77,213.9120595,7.343,0,207499,1470308.32,A
12,4/9/10,59.25,3.09,126.6019032,14.099,0,112238,1041238.87,B
13,4/9/10,38.97,2.877,126.6019032,8.107,0,219622,1898321.33,A
14,4/9/10,65.45,2.869,181.7596377,8.899,0,200898,2258781.28,A
15,4/9/10,57.77,2.992,131.9408065,8.185,0,123737,634605.77,B
16,4/9/10,34.21,2.75,189.6901012,6.842,0,57197,424083.99,B
17,4/9/10,34.05,2.877,126.6019032,6.635,0,93188,770228.02,B
18,4/9/10,59.91,2.849,131.9408065,9.269,0,120653,1174447.55,B
19,4/9/10,55.66,2.992,131.9408065,8.185,0,203819,1489613.32,A
20,4/9/10,65.1,2.869,203.8488134,7.856,0,203742,2007796.26,A
21,4/9/10,65.74,2.77,210.2831653,8.2,0,140167,751181.4,B
22,4/9/10,57.06,2.849,135.7856359,8.348,0,119557,1033171.07,B
23,4/9/10,56.82,2.849,131.9408065,5.435,0,114533,1264434.7,B
24,4/9/10,62.06,2.992,131.9408065,8.211,0,203819,1379579.63,A
25,4/9/10,61.36,2.869,203.8488134,7.856,0,128107,712647.97,B
26,4/9/10,50.13,2.849,131.9408065,8.512,0,152513,1022293.81,A
27,4/9/10,62.62,2.992,135.7856359,8.058,0,204184,1955814.13,A
28,4/9/10,59.25,3.09,126.6019032,14.099,0,206302,1382359.21,A
29,4/9/10,57.06,2.849,131.9408065,10.16,0,93638,569937.23,B
30,4/9/10,65.74,2.77,210.2831653,8.2,0,42988,454800.96,C
31,4/9/10,65.74,2.77,210.2831653,8.2,0,203750,1395710.09,A
32,4/9/10,44.88,2.75,189.6901012,8.963,0,203007,1095889.22,A
33,4/9/10,68.43,3.004,126.6019032,9.849,0,39690,325201.05,A
34,4/9/10,51.26,2.773,126.6019032,9.593,0,158114,950684.2,A
35,4/9/10,62.62,2.869,135.7856359,9.051,0,103681,1198014.97,B
36,4/9/10,68.54,2.743,209.400638,8.464,0,39910,453016.91,A
37,4/9/10,68.54,2.77,209.400638,8.464,0,39910,513327.55,C
38,4/9/10,59.25,3.09,126.6019032,14.099,0,39690,341630.46,C
39,4/9/10,68.15,2.77,209.400638,8.464,0,184109,1327035.27,A
40,4/9/10,54.31,2.849,131.9408065,5.435,0,155083,919839.19,A
41,4/9/10,37.3,2.75,189.6901012,7.363,0,196321,1082158.21,A
42,4/9/10,65.29,3.004,126.6019032,9.524,0,39690,582552.26,C
43,4/9/10,64.37,2.77,202.6594654,9.593,0,41062,693058.34,C
44,4/9/10,38.97,2.877,126.6019032,7.972,0,39910,257361.3,C
45,4/9/10,65.45,2.869,181.7596377,8.899,0,118221,833782.7,B
1,4/16/10,66.32,2.808,210.4887,7.808,0,151315,1466058.28,A
2,4/16/10,68.07,2.808,210.1495463,8.2,0,202307,1874957.94,A
3,4/16/10,66.98,2.808,213.7726889,7.343,0,37392,354993.26,B
4,4/16/10,56.23,2.81,126.5621,7.896,0,205863,1851519.69,A
5,4/16/10,65.3,2.808,211.0388528,6.465,0,34875,306858.69,B
6,4/16/10,65.68,2.808,211.9942765,7.092,0,202505,1519846.36,A
7,4/16/10,41.89,2.765,189.6628845,8.963,0,70713,406228.19,B
8,4/16/10,62.66,2.808,213.8186357,6.29,0,155078,882917.12,A
9,4/16/10,66.09,2.808,214.0001817,6.384,0,125833,485764.32,B
10,4/16/10,69.74,3.109,126.5621,9.524,0,126512,1826241.44,B
11,4/16/10,67.81,2.808,213.7726889,7.343,0,207499,1323243.35,A
12,4/16/10,64.95,3.109,126.5621,14.099,0,112238,957997.52,B
13,4/16/10,50.39,2.915,126.5621,8.107,0,219622,1819660.44,A
14,4/16/10,54.28,2.899,181.6924769,8.899,0,200898,2121788.61,A
15,4/16/10,49.63,3.01,131.9809,8.185,0,123737,641208.65,B
16,4/16/10,45.69,2.765,189.6628845,6.842,0,57197,436312.41,B
17,4/16/10,45.22,2.915,126.5621,6.635,0,93188,757738.76,B
18,4/16/10,50.26,2.885,131.9809,9.269,0,120653,1135577.62,B
19,4/16/10,49.67,3.01,131.9809,8.185,0,203819,1460354.67,A
20,4/16/10,55.43,2.899,203.7307486,7.856,0,203742,1985784.59,A
21,4/16/10,67.87,2.808,210.1495463,8.2,0,140167,716026.51,B
22,4/16/10,51.14,2.885,135.82725,8.348,0,119557,1000968.67,B
23,4/16/10,44.25,2.885,131.9809,5.435,0,114533,1288823.72,B
24,4/16/10,51.08,3.01,131.9809,8.211,0,203819,1268266.72,A
25,4/16/10,52.16,2.899,203.7307486,7.856,0,128107,715311.6,B
26,4/16/10,36.6,2.885,131.9809,8.512,0,152513,905548.38,A
27,4/16/10,54.95,3.01,135.82725,8.058,0,204184,1857500.96,A
28,4/16/10,64.95,3.109,126.5621,14.099,0,206302,1268240.66,A
29,4/16/10,51.14,2.885,131.9809,10.16,0,93638,509100.84,B
30,4/16/10,67.87,2.808,210.1495463,8.2,0,42988,471054.16,C
31,4/16/10,67.87,2.808,210.1495463,8.2,0,203750,1367448.28,A
32,4/16/10,53.49,2.765,189.6628845,8.963,0,203007,1082763.27,A
33,4/16/10,72.44,3.109,126.5621,9.849,0,39690,307779.64,A
34,4/16/10,59.18,2.81,126.5621,9.593,0,158114,923344.54,A
35,4/16/10,54.95,2.899,135.82725,9.051,0,103681,1084487.55,B
36,4/16/10,66.74,2.769,209.2691428,8.464,0,39910,483699.56,A
37,4/16/10,66.74,2.808,209.2691428,8.464,0,39910,524544.83,C
38,4/16/10,64.95,3.109,126.5621,14.099,0,39690,337723.49,C
39,4/16/10,66.33,2.808,209.2691428,8.464,0,184109,1242874.98,A
40,4/16/10,43.3,2.885,131.9809,5.435,0,155083,882636.96,A
41,4/16/10,46.79,2.765,189.6628845,7.363,0,196321,1043388.79,A
42,4/16/10,69.74,3.109,126.5621,9.524,0,39690,549528.16,C
43,4/16/10,69.46,2.808,202.5351571,9.593,0,41062,675282.2,C
44,4/16/10,50.39,2.915,126.5621,7.972,0,39910,280048.74,C
45,4/16/10,54.28,2.899,181.6924769,8.899,0,118221,782221.96,B
1,4/23/10,64.84,2.795,210.4391228,7.808,0,151315,1391256.12,A
2,4/23/10,65.11,2.795,210.1000648,8.2,0,202307,1821990.93,A
3,4/23/10,67.87,2.795,213.7221852,7.343,0,37392,339976.65,B
4,4/23/10,56.87,2.805,126.4713333,7.896,0,205863,1802677.9,A
5,4/23/10,65.13,2.795,210.9891204,6.465,0,34875,288839.73,B
6,4/23/10,64.11,2.795,211.9442745,7.092,0,202505,1540435.99,A
7,4/23/10,43.07,2.776,189.6190057,8.963,0,70713,404751.25,B
8,4/23/10,56.1,2.795,213.768119,6.29,0,155078,850440.26,A
9,4/23/10,61.26,2.795,213.9496138,6.384,0,125833,488683.57,B
10,4/23/10,66.42,3.05,126.4713333,9.524,0,126512,1829521.83,B
11,4/23/10,68.37,2.795,213.7221852,7.343,0,207499,1283766.55,A
12,4/23/10,64.55,3.05,126.4713333,14.099,0,112238,993833.44,B
13,4/23/10,55.66,2.936,126.4713333,8.107,0,219622,1909330.77,A
14,4/23/10,53.47,2.902,181.6772564,8.899,0,200898,2138144.91,A
15,4/23/10,46.54,3.021,132.0226667,8.185,0,123737,643097.6,B
16,4/23/10,44.9,2.776,189.6190057,6.842,0,57197,370230.94,B
17,4/23/10,52.25,2.936,126.4713333,6.635,0,93188,977790.83,B
18,4/23/10,50.3,2.895,132.0226667,9.269,0,120653,1132433.55,B
19,4/23/10,46.87,3.021,132.0226667,8.185,0,203819,1456793.33,A
20,4/23/10,50.65,2.902,203.6905586,7.856,0,203742,1878862.42,A
21,4/23/10,64.21,2.795,210.1000648,8.2,0,140167,718780.59,B
22,4/23/10,51.04,2.895,135.8721667,8.348,0,119557,969594.47,B
23,4/23/10,46.4,2.895,132.0226667,5.435,0,114533,1315023.08,B
24,4/23/10,51.07,3.021,132.0226667,8.211,0,203819,1264117.01,A
25,4/23/10,46.12,2.902,203.6905586,7.856,0,128107,694531.72,B
26,4/23/10,39.68,2.895,132.0226667,8.512,0,152513,881930.87,A
27,4/23/10,53.91,3.021,135.8721667,8.058,0,204184,1850205.47,A
28,4/23/10,64.55,3.05,126.4713333,14.099,0,206302,1244177.21,A
29,4/23/10,51.04,2.895,132.0226667,10.16,0,93638,505329.66,B
30,4/23/10,64.21,2.795,210.1000648,8.2,0,42988,462454.39,C
31,4/23/10,64.21,2.795,210.1000648,8.2,0,203750,1280465.8,A
32,4/23/10,50.06,2.776,189.6190057,8.963,0,203007,1072474.8,A
33,4/23/10,71.59,3.05,126.4713333,9.849,0,39690,263263.02,A
34,4/23/10,55.04,2.805,126.4713333,9.593,0,158114,910240.68,A
35,4/23/10,53.91,2.902,135.8721667,9.051,0,103681,1110827.48,B
36,4/23/10,68.03,2.762,209.2199574,8.464,0,39910,434116.8,A
37,4/23/10,68.03,2.795,209.2199574,8.464,0,39910,527019.78,C
38,4/23/10,64.55,3.05,126.4713333,14.099,0,39690,335121.82,C
39,4/23/10,67.64,2.795,209.2199574,8.464,0,184109,1280231.85,A
40,4/23/10,45.85,2.895,132.0226667,5.435,0,155083,844958.49,A
41,4/23/10,45.29,2.776,189.6190057,7.363,0,196321,1067340.74,A
42,4/23/10,66.42,3.05,126.4713333,9.524,0,39690,492364.77,C
43,4/23/10,62.71,2.795,202.4831905,9.593,0,41062,638957.35,C
44,4/23/10,55.66,2.936,126.4713333,7.972,0,39910,278287.04,C
45,4/23/10,53.47,2.902,181.6772564,8.899,0,118221,749779.1,B
1,4/30/10,67.41,2.78,210.3895456,7.808,0,151315,1425100.71,A
2,4/30/10,66.98,2.78,210.0505833,8.2,0,202307,1802450.29,A
3,4/30/10,70.24,2.78,213.6716815,7.343,0,37392,361248.39,B
4,4/30/10,53.04,2.787,126.3805667,7.896,0,205863,1817273.28,A
5,4/30/10,67.53,2.78,210.939388,6.465,0,34875,298697.84,B
6,4/30/10,68.91,2.78,211.8942725,7.092,0,202505,1498080.16,A
7,4/30/10,38.99,2.766,189.575127,8.963,0,70713,373655.61,B
8,4/30/10,61.01,2.78,213.7176024,6.29,0,155078,778672.64,A
9,4/30/10,66.07,2.78,213.8990459,6.384,0,125833,491723.42,B
10,4/30/10,69.76,3.105,126.3805667,9.524,0,126512,1790694.59,B
11,4/30/10,71.13,2.78,213.6716815,7.343,0,207499,1239766.89,A
12,4/30/10,67.38,3.105,126.3805667,14.099,0,112238,954220.22,B
13,4/30/10,48.33,2.941,126.3805667,8.107,0,219622,1785823.37,A
14,4/30/10,53.15,2.921,181.6620359,8.899,0,200898,2082355.12,A
15,4/30/10,49.09,3.042,132.0644333,8.185,0,123737,570791.11,B
16,4/30/10,37.75,2.766,189.575127,6.842,0,57197,383550.93,B
17,4/30/10,43.82,2.941,126.3805667,6.635,0,93188,807798.73,B
18,4/30/10,51.12,2.935,132.0644333,9.269,0,120653,1060446.16,B
19,4/30/10,49.89,3.042,132.0644333,8.185,0,203819,1405065.57,A
20,4/30/10,54.75,2.921,203.6503685,7.856,0,203742,1919053.21,A
21,4/30/10,66.93,2.78,210.0505833,8.2,0,140167,680532.69,B
22,4/30/10,50.96,2.935,135.9170833,8.348,0,119557,977683.06,B
23,4/30/10,45.47,2.935,132.0644333,5.435,0,114533,1259414.52,B
24,4/30/10,51.48,3.042,132.0644333,8.211,0,203819,1259877.19,A
25,4/30/10,50.97,2.921,203.6503685,7.856,0,128107,706924.02,B
26,4/30/10,40.56,2.935,132.0644333,8.512,0,152513,904503.85,A
27,4/30/10,53.55,3.042,135.9170833,8.058,0,204184,1805885.04,A
28,4/30/10,67.38,3.105,126.3805667,14.099,0,206302,1186971.02,A
29,4/30/10,50.96,2.935,132.0644333,10.16,0,93638,501013.47,B
30,4/30/10,66.93,2.78,210.0505833,8.2,0,42988,456140.34,C
31,4/30/10,66.93,2.78,210.0505833,8.2,0,203750,1243200.24,A
32,4/30/10,47.51,2.766,189.575127,8.963,0,203007,1066792.63,A
33,4/30/10,73.29,3.105,126.3805667,9.849,0,39690,275883.23,A
34,4/30/10,56.58,2.787,126.3805667,9.593,0,158114,859922.19,A
35,4/30/10,53.55,2.921,135.9170833,9.051,0,103681,1096930.65,B
36,4/30/10,70.9,2.725,209.170772,8.464,0,39910,457899.64,A
37,4/30/10,70.9,2.78,209.170772,8.464,0,39910,517850.83,C
38,4/30/10,67.38,3.105,126.3805667,14.099,0,39690,337979.65,C
39,4/30/10,70.03,2.78,209.170772,8.464,0,184109,1263836.59,A
40,4/30/10,46.5,2.935,132.0644333,5.435,0,155083,816838.31,A
41,4/30/10,40.2,2.766,189.575127,7.363,0,196321,1063960.11,A
42,4/30/10,69.76,3.105,126.3805667,9.524,0,39690,477615.87,C
43,4/30/10,66.91,2.78,202.4312238,9.593,0,41062,630740.11,C
44,4/30/10,48.33,2.941,126.3805667,7.972,0,39910,272997.65,C
45,4/30/10,53.15,2.921,181.6620359,8.899,0,118221,737265.57,B
1,5/7/10,72.55,2.835,210.3399684,7.808,0,151315,1603955.12,A
2,5/7/10,71.28,2.835,210.0011018,8.2,0,202307,2042581.71,A
3,5/7/10,73.47,2.835,213.6211778,7.343,0,37392,399323.86,B
4,5/7/10,56.77,2.836,126.2898,7.896,0,205863,2000626.14,A
5,5/7/10,71.53,2.835,210.8896556,6.465,0,34875,333522.6,B
6,5/7/10,73.68,2.835,211.8442706,7.092,0,202505,1619920.04,A
7,5/7/10,40.07,2.771,189.5312483,8.963,0,70713,395453.83,B
8,5/7/10,62.68,2.835,213.6670857,6.29,0,155078,916820.96,A
9,5/7/10,68.58,2.835,213.848478,6.384,0,125833,526128.61,B
10,5/7/10,71.06,3.127,126.2898,9.524,0,126512,1921432.16,B
11,5/7/10,75.57,2.835,213.6211778,7.343,0,207499,1312329.78,A
12,5/7/10,70.15,3.127,126.2898,14.099,0,112238,1043240.27,B
13,5/7/10,44.42,2.948,126.2898,8.107,0,219622,2005478.46,A
14,5/7/10,70.75,2.966,181.6468154,8.899,0,200898,2370116.52,A
15,5/7/10,63.16,3.095,132.1062,8.185,0,123737,661348.88,B
16,5/7/10,37.43,2.771,189.5312483,6.842,0,57197,403217.22,B
17,5/7/10,40.26,2.948,126.2898,6.635,0,93188,843848.65,B
18,5/7/10,65.64,2.981,132.1062,9.269,0,120653,1222255.47,B
19,5/7/10,62.54,3.095,132.1062,8.185,0,203819,1566219.77,A
20,5/7/10,66.74,2.966,203.6101784,7.856,0,203742,2137202.38,A
21,5/7/10,70.87,2.835,210.0011018,8.2,0,140167,744969.42,B
22,5/7/10,63.81,2.981,135.962,8.348,0,119557,1052973.28,B
23,5/7/10,61.04,2.981,132.1062,5.435,0,114533,1365552.28,B
24,5/7/10,66.65,3.095,132.1062,8.211,0,203819,1409705.03,A
25,5/7/10,63.67,2.966,203.6101784,7.856,0,128107,724468.97,B
26,5/7/10,54.72,2.981,132.1062,8.512,0,152513,1074479.73,A
27,5/7/10,69.02,3.095,135.962,8.058,0,204184,1939458.84,A
28,5/7/10,70.15,3.127,126.2898,14.099,0,206302,1532893.22,A
29,5/7/10,63.81,2.981,132.1062,10.16,0,93638,568497.35,B
30,5/7/10,70.87,2.835,210.0011018,8.2,0,42988,457883.94,C
31,5/7/10,70.87,2.835,210.0011018,8.2,0,203750,1381796.8,A
32,5/7/10,48.94,2.771,189.5312483,8.963,0,203007,1133657.58,A
33,5/7/10,75.4,3.127,126.2898,9.849,0,39690,326870.13,A
34,5/7/10,57.39,2.836,126.2898,9.593,0,158114,953495.48,A
35,5/7/10,69.02,2.966,135.962,9.051,0,103681,1182099.88,B
36,5/7/10,75.56,2.786,209.1215867,8.464,0,39910,489372.02,A
37,5/7/10,75.56,2.835,209.1215867,8.464,0,39910,543234.77,C
38,5/7/10,70.15,3.127,126.2898,14.099,0,39690,383657.44,C
39,5/7/10,74.86,2.835,209.1215867,8.464,0,184109,1355704.21,A
40,5/7/10,60.05,2.981,132.1062,5.435,0,155083,1009797.06,A
41,5/7/10,41.5,2.771,189.5312483,7.363,0,196321,1175738.22,A
42,5/7/10,71.06,3.127,126.2898,9.524,0,39690,582846.22,C
43,5/7/10,67.16,2.835,202.3792571,9.593,0,41062,691498.6,C
44,5/7/10,44.42,2.948,126.2898,7.972,0,39910,285379.86,C
45,5/7/10,70.75,2.966,181.6468154,8.899,0,118221,812190.76,B
1,5/14/10,74.78,2.854,210.3374261,7.808,0,151315,1494251.5,A
2,5/14/10,73.31,2.854,209.9984585,8.2,0,202307,1880752.36,A
3,5/14/10,77.18,2.854,213.6196139,7.343,0,37392,384357.94,B
4,5/14/10,62.35,2.845,126.2085484,7.896,0,205863,1875597.28,A
5,5/14/10,74.79,2.854,210.8872772,6.465,0,34875,296673.77,B
6,5/14/10,74.95,2.854,211.8421769,7.092,0,202505,1524059.4,A
7,5/14/10,41.41,2.788,189.4904116,8.963,0,70713,372673.61,B
8,5/14/10,61.35,2.854,213.6655355,6.29,0,155078,873337.84,A
9,5/14/10,70.53,2.854,213.8469819,6.384,0,125833,492792.8,B
10,5/14/10,73.88,3.145,126.2085484,9.524,0,126512,1808056.41,B
11,5/14/10,77.64,2.854,213.6196139,7.343,0,207499,1266796.13,A
12,5/14/10,68.44,3.145,126.2085484,14.099,0,112238,966054.97,B
13,5/14/10,50.15,2.962,126.2085484,8.107,0,219622,1890273.44,A
14,5/14/10,54.26,2.982,181.6612792,8.899,0,200898,2129771.13,A
15,5/14/10,47.13,3.112,132.152129,8.185,0,123737,594385.2,B
16,5/14/10,41.26,2.788,189.4904116,6.842,0,57197,401770.9,B
17,5/14/10,47.28,2.962,126.2085484,6.635,0,93188,813756.09,B
18,5/14/10,49.9,2.983,132.152129,9.269,0,120653,1092616.49,B
19,5/14/10,46.53,3.112,132.152129,8.185,0,203819,1437319.45,A
20,5/14/10,55.91,2.982,203.6133915,7.856,0,203742,2033211.62,A
21,5/14/10,73.08,2.854,209.9984585,8.2,0,140167,723559.88,B
22,5/14/10,50.99,2.983,136.010394,8.348,0,119557,973585.33,B
23,5/14/10,45.33,2.983,132.152129,5.435,0,114533,1303055.09,B
24,5/14/10,51.31,3.112,132.152129,8.211,0,203819,1346783.35,A
25,5/14/10,50.27,2.982,203.6133915,7.856,0,128107,698073.95,B
26,5/14/10,39.08,2.983,132.152129,8.512,0,152513,972663.59,A
27,5/14/10,53.82,3.112,136.010394,8.058,0,204184,1842465.78,A
28,5/14/10,68.44,3.145,126.2085484,14.099,0,206302,1245898.73,A
29,5/14/10,50.99,2.983,132.152129,10.16,0,93638,518940.88,B
30,5/14/10,73.08,2.854,209.9984585,8.2,0,42988,461868.09,C
31,5/14/10,73.08,2.854,209.9984585,8.2,0,203750,1287288.59,A
32,5/14/10,46.42,2.788,189.4904116,8.963,0,203007,1079314.52,A
33,5/14/10,76.8,3.145,126.2085484,9.849,0,39690,331173.51,A
34,5/14/10,60.74,2.845,126.2085484,9.593,0,158114,933924.44,A
35,5/14/10,53.82,2.982,136.010394,9.051,0,103681,1104277.57,B
36,5/14/10,77.53,2.805,209.118536,8.464,0,39910,476733.74,A
37,5/14/10,77.53,2.854,209.118536,8.464,0,39910,505196.08,C
38,5/14/10,68.44,3.145,126.2085484,14.099,0,39690,346174.3,C
39,5/14/10,77.49,2.854,209.118536,8.464,0,184109,1226997.7,A
40,5/14/10,45.5,2.983,132.152129,5.435,0,155083,907262.47,A
41,5/14/10,40.23,2.788,189.4904116,7.363,0,196321,1116439.02,A
42,5/14/10,73.88,3.145,126.2085484,9.524,0,39690,564345.55,C
43,5/14/10,72.14,2.854,202.3705092,9.593,0,41062,690851.59,C
44,5/14/10,50.15,2.962,126.2085484,7.972,0,39910,286515.92,C
45,5/14/10,54.26,2.982,181.6612792,8.899,0,118221,758182.2,B
1,5/21/10,76.44,2.826,210.6170934,7.808,0,151315,1399662.07,A
2,5/21/10,74.83,2.826,210.2768443,8.2,0,202307,1896937.1,A
3,5/21/10,75.81,2.826,213.9116886,7.343,0,37392,343763.17,B
4,5/21/10,67.4,2.82,126.1843871,7.896,0,205863,1903752.6,A
5,5/21/10,75.2,2.826,211.169023,6.465,0,34875,301615.49,B
6,5/21/10,74.8,2.826,212.1275324,7.092,0,202505,1531938.44,A
7,5/21/10,46.6,2.776,189.467827,8.963,0,70713,395195.65,B
8,5/21/10,66.03,2.826,213.9577839,6.29,0,155078,818333.21,A
9,5/21/10,71.5,2.826,214.1399162,6.384,0,125833,506274.94,B
10,5/21/10,78.32,3.12,126.1843871,9.524,0,126512,1847613.58,B
11,5/21/10,76.97,2.826,213.9116886,7.343,0,207499,1271646.62,A
12,5/21/10,76.2,3.12,126.1843871,14.099,0,112238,958374.56,B
13,5/21/10,57.71,2.95,126.1843871,8.107,0,219622,1853657.6,A
14,5/21/10,62.62,2.958,181.8538486,8.899,0,200898,2108187.1,A
15,5/21/10,59.09,3.096,132.2230323,8.185,0,123737,616598.1,B
16,5/21/10,47.34,2.776,189.467827,6.842,0,57197,435300.51,B
17,5/21/10,53.94,2.95,126.1843871,6.635,0,93188,826626.5,B
18,5/21/10,60.27,2.961,132.2230323,9.269,0,120653,1101621.36,B
19,5/21/10,57.53,3.096,132.2230323,8.185,0,203819,1377716.17,A
20,5/21/10,60.38,2.958,203.8770235,7.856,0,203742,1893736.9,A
21,5/21/10,74.24,2.826,210.2768443,8.2,0,140167,753361.72,B
22,5/21/10,59.99,2.961,136.0796521,8.348,0,119557,979977.89,B
23,5/21/10,57.94,2.961,132.2230323,5.435,0,114533,1327424.28,B
24,5/21/10,60.44,3.096,132.2230323,8.211,0,203819,1283482.85,A
25,5/21/10,57.17,2.958,203.8770235,7.856,0,128107,704113.22,B
26,5/21/10,50.81,2.961,132.2230323,8.512,0,152513,986765.01,A
27,5/21/10,63.31,3.096,136.0796521,8.058,0,204184,1836595.58,A
28,5/21/10,76.2,3.12,126.1843871,14.099,0,206302,1217923.71,A
29,5/21/10,59.99,2.961,132.2230323,10.16,0,93638,502021.82,B
30,5/21/10,74.24,2.826,210.2768443,8.2,0,42988,455751.84,C
31,5/21/10,74.24,2.826,210.2768443,8.2,0,203750,1337405.6,A
32,5/21/10,55.89,2.776,189.467827,8.963,0,203007,1143819.35,A
33,5/21/10,82.8,3.12,126.1843871,9.849,0,39690,294264.2,A
34,5/21/10,63.99,2.82,126.1843871,9.593,0,158114,913616.32,A
35,5/21/10,63.31,2.958,136.0796521,9.051,0,103681,1078182.18,B
36,5/21/10,77.34,2.767,209.3922937,8.464,0,39910,474917.98,A
37,5/21/10,77.34,2.826,209.3922937,8.464,0,39910,510494.7,C
38,5/21/10,76.2,3.12,126.1843871,14.099,0,39690,340497.08,C
39,5/21/10,76.67,2.826,209.3922937,8.464,0,184109,1350673.98,A
40,5/21/10,56.75,2.961,132.2230323,5.435,0,155083,885613.91,A
41,5/21/10,50.59,2.776,189.467827,7.363,0,196321,1163234.33,A
42,5/21/10,78.32,3.12,126.1843871,9.524,0,39690,504403.16,C
43,5/21/10,74.74,2.826,202.6210737,9.593,0,41062,672062.08,C
44,5/21/10,57.71,2.95,126.1843871,7.972,0,39910,267065.35,C
45,5/21/10,62.62,2.958,181.8538486,8.899,0,118221,747888.25,B
1,5/28/10,80.44,2.759,210.8967606,7.808,0,151315,1432069.95,A
2,5/28/10,81.13,2.759,210.5552301,8.2,0,202307,1957113.89,A
3,5/28/10,78.6,2.759,214.2037634,7.343,0,37392,350089.23,B
4,5/28/10,67.73,2.756,126.1602258,7.896,0,205863,1857533.7,A
5,5/28/10,79.81,2.759,211.4507688,6.465,0,34875,310013.11,B
6,5/28/10,78.89,2.759,212.412888,7.092,0,202505,1644470.66,A
7,5/28/10,54.24,2.737,189.4452425,8.963,0,70713,442734.55,B
8,5/28/10,74.71,2.759,214.2500323,6.29,0,155078,868041.56,A
9,5/28/10,77.12,2.759,214.4328505,6.384,0,125833,558143.53,B
10,5/28/10,76.67,3.058,126.1602258,9.524,0,126512,1904618.17,B
11,5/28/10,79.69,2.759,214.2037634,7.343,0,207499,1264272.52,A
12,5/28/10,67.84,3.058,126.1602258,14.099,0,112238,955451.16,B
13,5/28/10,53.11,2.908,126.1602258,8.107,0,219622,1877358.86,A
14,5/28/10,69.27,2.899,182.0464181,8.899,0,200898,2227152.16,A
15,5/28/10,70.61,3.046,132.2939355,8.185,0,123737,744772.88,B
16,5/28/10,52.08,2.737,189.4452425,6.842,0,57197,479430,B
17,5/28/10,48.19,2.908,126.1602258,6.635,0,93188,872817.62,B
18,5/28/10,69.12,2.906,132.2939355,9.269,0,120653,1256282.79,B
19,5/28/10,68.85,3.046,132.2939355,8.185,0,203819,1648882.62,A
20,5/28/10,70.97,2.899,204.1406556,7.856,0,203742,2065984.95,A
21,5/28/10,80.94,2.759,210.5552301,8.2,0,140167,755214.26,B
22,5/28/10,65.64,2.906,136.1489101,8.348,0,119557,1103740.4,B
23,5/28/10,69.26,2.906,132.2939355,5.435,0,114533,1571158.56,B
24,5/28/10,69.59,3.046,132.2939355,8.211,0,203819,1473868.15,A
25,5/28/10,69.31,2.899,204.1406556,7.856,0,128107,792442.54,B
26,5/28/10,61.65,2.906,132.2939355,8.512,0,152513,1069851.59,A
27,5/28/10,67.88,3.046,136.1489101,8.058,0,204184,1962468.67,A
28,5/28/10,67.84,3.058,126.1602258,14.099,0,206302,1176588.25,A
29,5/28/10,65.64,2.906,132.2939355,10.16,0,93638,577627.66,B
30,5/28/10,80.94,2.759,210.5552301,8.2,0,42988,462474.16,C
31,5/28/10,80.94,2.759,210.5552301,8.2,0,203750,1309437.17,A
32,5/28/10,64.69,2.737,189.4452425,8.963,0,203007,1205662.85,A
33,5/28/10,78.47,3.058,126.1602258,9.849,0,39690,279246.33,A
34,5/28/10,68.68,2.756,126.1602258,9.593,0,158114,942868.38,A
35,5/28/10,67.88,2.899,136.1489101,9.051,0,103681,1223777.48,B
36,5/28/10,80.87,2.716,209.6660514,8.464,0,39910,447050.42,A
37,5/28/10,80.87,2.759,209.6660514,8.464,0,39910,532241.22,C
38,5/28/10,67.84,3.058,126.1602258,14.099,0,39690,326469.43,C
39,5/28/10,80.22,2.759,209.6660514,8.464,0,184109,1365541.59,A
40,5/28/10,67.88,2.906,132.2939355,5.435,0,155083,1008483.07,A
41,5/28/10,56.97,2.737,189.4452425,7.363,0,196321,1246654.24,A
42,5/28/10,76.67,3.058,126.1602258,9.524,0,39690,484097.03,C
43,5/28/10,78.59,2.759,202.8716382,9.593,0,41062,630315.76,C
44,5/28/10,53.11,2.908,126.1602258,7.972,0,39910,291891.01,C
45,5/28/10,69.27,2.899,182.0464181,8.899,0,118221,801098.43,B
1,6/4/10,80.69,2.705,211.1764278,7.808,0,151315,1615524.71,A
2,6/4/10,81.81,2.705,210.833616,8.2,0,202307,2102539.93,A
3,6/4/10,78.53,2.705,214.4958382,7.343,0,37392,396968.8,B
4,6/4/10,70.83,2.701,126.1360645,7.896,0,205863,1903290.58,A
5,6/4/10,79.54,2.705,211.7325146,6.465,0,34875,337825.89,B
6,6/4/10,79.44,2.705,212.6982436,7.092,0,202505,1857380.09,A
7,6/4/10,53.63,2.7,189.422658,8.963,0,70713,509183.22,B
8,6/4/10,75.71,2.705,214.5422806,6.29,0,155078,958225.41,A
9,6/4/10,79.65,2.705,214.7257848,6.384,0,125833,586061.46,B
10,6/4/10,82.82,2.941,126.1360645,9.524,0,126512,1931406.28,B
11,6/4/10,79.66,2.705,214.4958382,7.343,0,207499,1396322.19,A
12,6/4/10,81.39,2.941,126.1360645,14.099,0,112238,1049357.36,B
13,6/4/10,59.85,2.871,126.1360645,8.107,0,219622,2022705.22,A
14,6/4/10,75.93,2.847,182.2389876,8.899,0,200898,2363601.47,A
15,6/4/10,69.99,3.006,132.3648387,8.185,0,123737,693192.5,B
16,6/4/10,53.76,2.7,189.422658,6.842,0,57197,516295.81,B
17,6/4/10,53.79,2.871,126.1360645,6.635,0,93188,876902.87,B
18,6/4/10,70.28,2.857,132.3648387,9.269,0,120653,1271311.76,B
19,6/4/10,68.88,3.006,132.3648387,8.185,0,203819,1519013.49,A
20,6/4/10,72.52,2.847,204.4042877,7.856,0,203742,2203619.35,A
21,6/4/10,82.68,2.705,210.833616,8.2,0,140167,806012.48,B
22,6/4/10,69.49,2.857,136.2181682,8.348,0,119557,1095539.13,B
23,6/4/10,64.94,2.857,132.3648387,5.435,0,114533,1514435.51,B
24,6/4/10,71.99,3.006,132.3648387,8.211,0,203819,1566668.91,A
25,6/4/10,69.22,2.847,204.4042877,7.856,0,128107,764155.44,B
26,6/4/10,58.46,2.857,132.3648387,8.512,0,152513,1003202.66,A
27,6/4/10,74.29,3.006,136.2181682,8.058,0,204184,2073102.59,A
28,6/4/10,81.39,2.941,126.1360645,14.099,0,206302,1543678.02,A
29,6/4/10,69.49,2.857,132.3648387,10.16,0,93638,588017.66,B
30,6/4/10,82.68,2.705,210.833616,8.2,0,42988,458343.7,C
31,6/4/10,82.68,2.705,210.833616,8.2,0,203750,1427624.5,A
32,6/4/10,66.69,2.7,189.422658,8.963,0,203007,1149234.96,A
33,6/4/10,86.06,2.941,126.1360645,9.849,0,39690,285100,A
34,6/4/10,72.17,2.701,126.1360645,9.593,0,158114,966187.51,A
35,6/4/10,74.29,2.847,136.2181682,9.051,0,103681,1282378.71,B
36,6/4/10,79.93,2.664,209.9398091,8.464,0,39910,471088.88,A
37,6/4/10,79.93,2.705,209.9398091,8.464,0,39910,479195.02,C
38,6/4/10,81.39,2.941,126.1360645,14.099,0,39690,376184.88,C
39,6/4/10,79.83,2.705,209.9398091,8.464,0,184109,1512207.95,A
40,6/4/10,65.7,2.857,132.3648387,5.435,0,155083,1052429.03,A
41,6/4/10,60.13,2.7,189.422658,7.363,0,196321,1305068.1,A
42,6/4/10,82.82,2.941,126.1360645,9.524,0,39690,556046.12,C
43,6/4/10,82.76,2.705,203.1222028,9.593,0,41062,682012.53,C
44,6/4/10,59.85,2.871,126.1360645,7.972,0,39910,282351.82,C
45,6/4/10,75.93,2.847,182.2389876,8.899,0,118221,837548.62,B
1,6/11/10,80.43,2.668,211.4560951,7.808,0,151315,1542561.09,A
2,6/11/10,83.4,2.668,211.1120018,8.2,0,202307,2025538.76,A
3,6/11/10,82.1,2.668,214.787913,7.343,0,37392,355017.09,B
4,6/11/10,78.45,2.668,126.1119032,7.896,0,205863,1870619.23,A
5,6/11/10,80.7,2.668,212.0142605,6.465,0,34875,296641.91,B
6,6/11/10,81.81,2.668,212.9835992,7.092,0,202505,1685652.35,A
7,6/11/10,63.59,2.684,189.4000734,8.963,0,70713,498580.87,B
8,6/11/10,82.21,2.668,214.834529,6.29,0,155078,914835.86,A
9,6/11/10,83.75,2.668,215.0187191,6.384,0,125833,522715.68,B
10,6/11/10,89.67,3.057,126.1119032,9.524,0,126512,1827521.71,B
11,6/11/10,82.81,2.668,214.787913,7.343,0,207499,1339570.85,A
12,6/11/10,90.84,2.949,126.1119032,14.099,0,112238,1016039.71,B
13,6/11/10,65.24,2.841,126.1119032,8.107,0,219622,2037880.96,A
14,6/11/10,69.71,2.809,182.4315571,8.899,0,200898,2249570.04,A
15,6/11/10,61.04,2.972,132.4357419,8.185,0,123737,619337.29,B
16,6/11/10,62.63,2.684,189.4000734,6.842,0,57197,535587.31,B
17,6/11/10,57.14,2.841,126.1119032,6.635,0,93188,845252.21,B
18,6/11/10,64.08,2.83,132.4357419,9.269,0,120653,1173521.82,B
19,6/11/10,61.64,2.972,132.4357419,8.185,0,203819,1410683.94,A
20,6/11/10,67.32,2.809,204.6679198,7.856,0,203742,2100489.79,A
21,6/11/10,83.51,2.668,211.1120018,8.2,0,140167,784305.55,B
22,6/11/10,65.01,2.83,136.2874263,8.348,0,119557,1061196.47,B
23,6/11/10,58.35,2.83,132.4357419,5.435,0,114533,1439432.06,B
24,6/11/10,64.84,2.972,132.4357419,8.211,0,203819,1375458.21,A
25,6/11/10,63.68,2.809,204.6679198,7.856,0,128107,737163.2,B
26,6/11/10,51.62,2.83,132.4357419,8.512,0,152513,1073862.59,A
27,6/11/10,68.9,2.972,136.2874263,8.058,0,204184,1873812.93,A
28,6/11/10,90.84,2.949,126.1119032,14.099,0,206302,1348995.17,A
29,6/11/10,65.01,2.83,132.4357419,10.16,0,93638,540716.58,B
30,6/11/10,83.51,2.668,211.1120018,8.2,0,42988,445530.16,C
31,6/11/10,83.51,2.668,211.1120018,8.2,0,203750,1377092.33,A
32,6/11/10,70.86,2.684,189.4000734,8.963,0,203007,1192074.09,A
33,6/11/10,93.52,3.057,126.1119032,9.849,0,39690,310800.79,A
34,6/11/10,80.84,2.668,126.1119032,9.593,0,158114,954681.56,A
35,6/11/10,68.9,2.809,136.2874263,9.051,0,103681,1160412.71,B
36,6/11/10,82.3,2.615,210.2135668,8.464,0,39910,467711.18,A
37,6/11/10,82.3,2.668,210.2135668,8.464,0,39910,481915.11,C
38,6/11/10,90.84,2.949,126.1119032,14.099,0,39690,354828.65,C
39,6/11/10,81.78,2.668,210.2135668,8.464,0,184109,1371405.33,A
40,6/11/10,59.42,2.83,132.4357419,5.435,0,155083,1007574.67,A
41,6/11/10,63.36,2.684,189.4000734,7.363,0,196321,1217199.39,A
42,6/11/10,89.67,3.057,126.1119032,9.524,0,39690,607218.6,C
43,6/11/10,88.12,2.668,203.3727673,9.593,0,41062,684023.95,C
44,6/11/10,65.24,2.841,126.1119032,7.972,0,39910,296818.2,C
45,6/11/10,69.71,2.809,182.4315571,8.899,0,118221,794698.77,B
1,6/18/10,84.11,2.637,211.4537719,7.808,0,151315,1503284.06,A
2,6/18/10,85.81,2.637,211.1096543,8.2,0,202307,2001636.96,A
3,6/18/10,83.52,2.637,214.7858259,7.343,0,37392,364076.85,B
4,6/18/10,81.53,2.635,126.114,7.896,0,205863,1929736.35,A
5,6/18/10,83.91,2.637,212.0119769,6.465,0,34875,313795.6,B
6,6/18/10,83.89,2.637,212.9813843,7.092,0,202505,1677248.24,A
7,6/18/10,52.7,2.674,189.4185259,8.963,0,70713,481144.09,B
8,6/18/10,78.79,2.637,214.8324452,6.29,0,155078,869922.56,A
9,6/18/10,82.99,2.637,215.0166484,6.384,0,125833,513073.87,B
10,6/18/10,83.49,2.935,126.114,9.524,0,126512,1837636.24,B
11,6/18/10,84.13,2.637,214.7858259,7.343,0,207499,1336522.92,A
12,6/18/10,81.06,3.043,126.114,14.099,0,112238,956211.2,B
13,6/18/10,58.41,2.819,126.114,8.107,0,219622,2003435.31,A
14,6/18/10,72.62,2.78,182.4424199,8.899,0,200898,2248645.59,A
15,6/18/10,65.83,2.942,132.4733333,8.185,0,123737,652329.53,B
16,6/18/10,52.4,2.674,189.4185259,6.842,0,57197,540149.85,B
17,6/18/10,54.94,2.819,126.114,6.635,0,93188,877996.27,B
18,6/18/10,65.96,2.805,132.4733333,9.269,0,120653,1183225.92,B
19,6/18/10,66.25,2.942,132.4733333,8.185,0,203819,1457314.39,A
20,6/18/10,72.62,2.78,204.670036,7.856,0,203742,2091903.63,A
21,6/18/10,86.18,2.637,211.1096543,8.2,0,140167,785104.29,B
22,6/18/10,67.13,2.805,136.3243393,8.348,0,119557,1052895.25,B
23,6/18/10,60.29,2.805,132.4733333,5.435,0,114533,1507708.93,B
24,6/18/10,67.17,2.942,132.4733333,8.211,0,203819,1354168.18,A
25,6/18/10,69.56,2.78,204.670036,7.856,0,128107,780444.94,B
26,6/18/10,53.62,2.805,132.4733333,8.512,0,152513,1001286.67,A
27,6/18/10,70,2.942,136.3243393,8.058,0,204184,1887182.27,A
28,6/18/10,81.06,3.043,126.114,14.099,0,206302,1267619.06,A
29,6/18/10,67.13,2.805,132.4733333,10.16,0,93638,558731.74,B
30,6/18/10,86.18,2.637,211.1096543,8.2,0,42988,447727.52,C
31,6/18/10,86.18,2.637,211.1096543,8.2,0,203750,1368090.08,A
32,6/18/10,60.94,2.674,189.4185259,8.963,0,203007,1150191.72,A
33,6/18/10,87.69,2.935,126.114,9.849,0,39690,272399.08,A
34,6/18/10,73.48,2.635,126.114,9.593,0,158114,941612.04,A
35,6/18/10,70,2.78,136.3243393,9.051,0,103681,1198025.76,B
36,6/18/10,84.37,2.572,210.2108417,8.464,0,39910,485694.72,A
37,6/18/10,84.37,2.637,210.2108417,8.464,0,39910,505761.62,C
38,6/18/10,81.06,3.043,126.114,14.099,0,39690,335691.85,C
39,6/18/10,83.96,2.637,210.2108417,8.464,0,184109,1368312.45,A
40,6/18/10,60.97,2.805,132.4733333,5.435,0,155083,973105.3,A
41,6/18/10,54.9,2.674,189.4185259,7.363,0,196321,1202963.06,A
42,6/18/10,83.49,2.935,126.114,9.524,0,39690,529418.64,C
43,6/18/10,84.9,2.637,203.370619,9.593,0,41062,700009.77,C
44,6/18/10,58.41,2.819,126.114,7.972,0,39910,293481.36,C
45,6/18/10,72.62,2.78,182.4424199,8.899,0,118221,815130.5,B
1,6/25/10,84.34,2.653,211.3386526,7.808,0,151315,1422711.6,A
2,6/25/10,86.26,2.653,210.9950134,8.2,0,202307,1939927.09,A
3,6/25/10,83.79,2.653,214.6660741,7.343,0,37392,357346.48,B
4,6/25/10,81.1,2.654,126.1266,7.896,0,205863,1846651.95,A
5,6/25/10,83.72,2.653,211.8960815,6.465,0,34875,295257.3,B
6,6/25/10,84.2,2.653,212.8641412,7.092,0,202505,1640681.88,A
7,6/25/10,59.94,2.715,189.4533931,8.963,0,70713,553714.87,B
8,6/25/10,81.78,2.653,214.7126286,6.29,0,155078,814919.11,A
9,6/25/10,85.02,2.653,214.8965756,6.384,0,125833,509263.28,B
10,6/25/10,90.32,3.084,126.1266,9.524,0,126512,1768172.31,B
11,6/25/10,84.5,2.653,214.6660741,7.343,0,207499,1262025.08,A
12,6/25/10,87.27,3.084,126.1266,14.099,0,112238,958007.69,B
13,6/25/10,71.83,2.82,126.1266,8.107,0,219622,1970340.25,A
14,6/25/10,79.32,2.808,182.3806,8.899,0,200898,2246179.91,A
15,6/25/10,72.79,2.958,132.4976,8.185,0,123737,672194.03,B
16,6/25/10,62.37,2.715,189.4533931,6.842,0,57197,546554.96,B
17,6/25/10,62.64,2.82,126.1266,6.635,0,93188,893995.44,B
18,6/25/10,74.04,2.81,132.4976,9.269,0,120653,1220983.17,B
19,6/25/10,72.3,2.958,132.4976,8.185,0,203819,1450407.32,A
20,6/25/10,75.17,2.808,204.5675459,7.856,0,203742,1973135.87,A
21,6/25/10,87.01,2.653,210.9950134,8.2,0,140167,769848.75,B
22,6/25/10,74.37,2.81,136.3483143,8.348,0,119557,1095020.33,B
23,6/25/10,69.83,2.81,132.4976,5.435,0,114533,1415204.88,B
24,6/25/10,74.9,2.958,132.4976,8.211,0,203819,1399073.75,A
25,6/25/10,72.17,2.808,204.5675459,7.856,0,128107,737569.14,B
26,6/25/10,63.78,2.81,132.4976,8.512,0,152513,976242.09,A
27,6/25/10,78.02,2.958,136.3483143,8.058,0,204184,1962625.01,A
28,6/25/10,87.27,3.084,126.1266,14.099,0,206302,1231025.07,A
29,6/25/10,74.37,2.81,132.4976,10.16,0,93638,585548.79,B
30,6/25/10,87.01,2.653,210.9950134,8.2,0,42988,453210.24,C
31,6/25/10,87.01,2.653,210.9950134,8.2,0,203750,1303523.73,A
32,6/25/10,72.42,2.715,189.4533931,8.963,0,203007,1124763.74,A
33,6/25/10,93.66,3.084,126.1266,9.849,0,39690,259419.91,A
34,6/25/10,78.47,2.654,126.1266,9.593,0,158114,895800.07,A
35,6/25/10,78.02,2.808,136.3483143,9.051,0,103681,1230245.74,B
36,6/25/10,84.14,2.601,210.0975233,8.464,0,39910,434879.87,A
37,6/25/10,84.14,2.653,210.0975233,8.464,0,39910,485419.39,C
38,6/25/10,87.27,3.084,126.1266,14.099,0,39690,322046.76,C
39,6/25/10,83.24,2.653,210.0975233,8.464,0,184109,1280414.8,A
40,6/25/10,69.72,2.81,132.4976,5.435,0,155083,940405.03,A
41,6/25/10,66,2.715,189.4533931,7.363,0,196321,1174209.52,A
42,6/25/10,90.32,3.084,126.1266,9.524,0,39690,484327.56,C
43,6/25/10,88.48,2.653,203.2673857,9.593,0,41062,625196.14,C
44,6/25/10,71.83,2.82,126.1266,7.972,0,39910,288247.24,C
45,6/25/10,79.32,2.808,182.3806,8.899,0,118221,792299.15,B
1,7/2/10,80.91,2.669,211.2235333,7.787,0,151315,1492418.14,A
2,7/2/10,82.74,2.669,210.8803726,8.099,0,202307,2003940.64,A
3,7/2/10,82.2,2.669,214.5463222,7.346,0,37392,381151.72,B
4,7/2/10,73.66,2.668,126.1392,7.372,0,205863,1881337.21,A
5,7/2/10,81.25,2.669,211.7801861,6.496,0,34875,305993.27,B
6,7/2/10,80.34,2.669,212.746898,6.973,0,202505,1759777.25,A
7,7/2/10,61.31,2.728,189.4882603,9.017,0,70713,575570.77,B
8,7/2/10,74.78,2.669,214.5928119,6.315,0,155078,852333.75,A
9,7/2/10,78.55,2.669,214.7765028,6.442,0,125833,528832.54,B
10,7/2/10,92.89,2.978,126.1392,9.199,0,126512,1845893.87,B
11,7/2/10,83.09,2.669,214.5463222,7.346,0,207499,1302600.14,A
12,7/2/10,91.98,3.105,126.1392,14.18,0,112238,951957.31,B
13,7/2/10,78.82,2.814,126.1392,7.951,0,219622,2018314.71,A
14,7/2/10,76.61,2.815,182.3187801,8.743,0,200898,2334788.42,A
15,7/2/10,66.13,2.958,132.5218667,8.099,0,123737,709337.11,B
16,7/2/10,64.44,2.728,189.4882603,6.868,0,57197,610641.42,B
17,7/2/10,68.98,2.814,126.1392,6.697,0,93188,958875.37,B
18,7/2/10,71.22,2.815,132.5218667,9.342,0,120653,1257928.35,B
19,7/2/10,66.25,2.958,132.5218667,8.099,0,203819,1549018.68,A
20,7/2/10,70.1,2.815,204.4650559,7.527,0,203742,2143676.77,A
21,7/2/10,82.29,2.669,210.8803726,8.099,0,140167,711470.8,B
22,7/2/10,72.88,2.815,136.3722893,8.433,0,119557,1120259.71,B
23,7/2/10,64.76,2.815,132.5218667,5.326,0,114533,1549113.18,B
24,7/2/10,71.12,2.958,132.5218667,8.117,0,203819,1563387.94,A
25,7/2/10,66.42,2.815,204.4650559,7.527,0,128107,759407.87,B
26,7/2/10,58.9,2.815,132.5218667,8.445,0,152513,1078455.48,A
27,7/2/10,76.25,2.958,136.3722893,7.982,0,204184,2024554.1,A
28,7/2/10,91.98,3.105,126.1392,14.18,0,206302,1399960.15,A
29,7/2/10,72.88,2.815,132.5218667,10.409,0,93638,581473.55,B
30,7/2/10,82.29,2.669,210.8803726,8.099,0,42988,450337.47,C
31,7/2/10,82.29,2.669,210.8803726,8.099,0,203750,1311704.92,A
32,7/2/10,74.74,2.728,189.4882603,9.017,0,203007,1187988.64,A
33,7/2/10,97.66,2.978,126.1392,9.495,0,39690,267495.76,A
34,7/2/10,73.66,2.668,126.1392,9.816,0,158114,919229.36,A
35,7/2/10,76.25,2.815,136.3722893,8.861,0,103681,1245827.08,B
36,7/2/10,81.85,2.606,209.984205,8.36,0,39910,434252.15,A
37,7/2/10,81.85,2.669,209.984205,8.36,0,39910,498292.53,C
38,7/2/10,91.98,3.105,126.1392,14.18,0,39690,361181.48,C
39,7/2/10,81.35,2.669,209.984205,8.36,0,184109,1352547.7,A
40,7/2/10,65.47,2.815,132.5218667,5.326,0,155083,1087578.78,A
41,7/2/10,69.39,2.728,189.4882603,7.335,0,196321,1273279.79,A
42,7/2/10,92.89,2.978,126.1392,9.199,0,39690,507168.8,C
43,7/2/10,80.17,2.669,203.1641524,9.816,0,41062,667353.79,C
44,7/2/10,78.82,2.814,126.1392,7.804,0,39910,300628.19,C
45,7/2/10,76.61,2.815,182.3187801,8.743,0,118221,800147.84,B
1,7/9/10,80.48,2.642,211.108414,7.787,0,151315,1546074.18,A
2,7/9/10,82.59,2.642,210.7657317,8.099,0,202307,1880902.62,A
3,7/9/10,81.75,2.642,214.4265704,7.346,0,37392,349214.18,B
4,7/9/10,80.35,2.637,126.1518,7.372,0,205863,1812208.22,A
5,7/9/10,81.14,2.642,211.6642907,6.496,0,34875,291808.87,B
6,7/9/10,80.93,2.642,212.6296549,6.973,0,202505,1690317.99,A
7,7/9/10,58,2.711,189.5231276,9.017,0,70713,593462.34,B
8,7/9/10,72.49,2.642,214.4729952,6.315,0,155078,845289.77,A
9,7/9/10,78.51,2.642,214.6564301,6.442,0,125833,485389.15,B
10,7/9/10,91.03,3.1,126.1518,9.199,0,126512,1769793.37,B
11,7/9/10,83.01,2.642,214.4265704,7.346,0,207499,1280156.47,A
12,7/9/10,90.37,3.1,126.1518,14.18,0,112238,943506.28,B
13,7/9/10,71.33,2.802,126.1518,7.951,0,219622,1870843.9,A
14,7/9/10,82.45,2.793,182.2569603,8.743,0,200898,2236209.13,A
15,7/9/10,77.33,2.94,132.5461333,8.099,0,123737,691497.62,B
16,7/9/10,61.79,2.711,189.5231276,6.868,0,57197,614253.33,B
17,7/9/10,62.41,2.802,126.1518,6.697,0,93188,836915.92,B
18,7/9/10,79.75,2.806,132.5461333,9.342,0,120653,1171391.41,B
19,7/9/10,78.22,2.94,132.5461333,8.099,0,203819,1577541.24,A
20,7/9/10,78.09,2.793,204.3625658,7.527,0,203742,2107285.85,A
21,7/9/10,81.67,2.642,210.7657317,8.099,0,140167,714677.47,B
22,7/9/10,79.22,2.806,136.3962643,8.433,0,119557,1092654.26,B
23,7/9/10,77.16,2.806,132.5461333,5.326,0,114533,1417535.78,B
24,7/9/10,79.05,2.94,132.5461333,8.117,0,203819,1665502.55,A
25,7/9/10,75.24,2.793,204.3625658,7.527,0,128107,719591.13,B
26,7/9/10,71.08,2.806,132.5461333,8.445,0,152513,1122356.53,A
27,7/9/10,82.69,2.94,136.3962643,7.982,0,204184,2119163.01,A
28,7/9/10,90.37,3.1,126.1518,14.18,0,206302,1340293.87,A
29,7/9/10,79.22,2.806,132.5461333,10.409,0,93638,563449.43,B
30,7/9/10,81.67,2.642,210.7657317,8.099,0,42988,436293.4,C
31,7/9/10,81.67,2.642,210.7657317,8.099,0,203750,1315118.4,A
32,7/9/10,67.55,2.711,189.5231276,9.017,0,203007,1077253.67,A
33,7/9/10,95.88,3.1,126.1518,9.495,0,39690,302423.93,A
34,7/9/10,75,2.637,126.1518,9.816,0,158114,911210.81,A
35,7/9/10,82.69,2.793,136.3962643,8.861,0,103681,1268766.76,B
36,7/9/10,81.74,2.596,209.8708867,8.36,0,39910,471713.59,A
37,7/9/10,81.74,2.642,209.8708867,8.36,0,39910,502456.04,C
38,7/9/10,90.37,3.1,126.1518,14.18,0,39690,343850.34,C
39,7/9/10,81.1,2.642,209.8708867,8.36,0,184109,1330473.47,A
40,7/9/10,76.67,2.806,132.5461333,5.326,0,155083,1058250.91,A
41,7/9/10,60.93,2.711,189.5231276,7.335,0,196321,1176079.59,A
42,7/9/10,91.03,3.1,126.1518,9.199,0,39690,570069.48,C
43,7/9/10,81.52,2.642,203.060919,9.816,0,41062,718748.33,C
44,7/9/10,71.33,2.802,126.1518,7.804,0,39910,280472.78,C
45,7/9/10,82.45,2.793,182.2569603,8.743,0,118221,787062,B
1,7/16/10,83.15,2.623,211.1003854,7.787,0,151315,1448938.92,A
2,7/16/10,85.32,2.623,210.7577954,8.099,0,202307,1845879.79,A
3,7/16/10,84.32,2.623,214.4176476,7.346,0,37392,352728.78,B
4,7/16/10,78.53,2.621,126.1498065,7.372,0,205863,1898427.66,A
5,7/16/10,83.98,2.623,211.6561123,6.496,0,34875,280701.7,B
6,7/16/10,83.75,2.623,212.6212163,6.973,0,202505,1560120.8,A
7,7/16/10,62.19,2.699,189.6125456,9.017,0,70713,557166.35,B
8,7/16/10,77.49,2.623,214.4640599,6.315,0,155078,848630.57,A
9,7/16/10,82.93,2.623,214.6474453,6.442,0,125833,474030.51,B
10,7/16/10,91.8,2.971,126.1498065,9.199,0,126512,1828052.47,B
11,7/16/10,84.9,2.623,214.4176476,7.346,0,207499,1290609.54,A
12,7/16/10,97.18,3.094,126.1498065,14.18,0,112238,916402.76,B
13,7/16/10,77.79,2.791,126.1498065,7.951,0,219622,1932231.05,A
14,7/16/10,77.84,2.783,182.2604411,8.743,0,200898,2130287.27,A
15,7/16/10,72.83,2.933,132.5667742,8.099,0,123737,633203.69,B
16,7/16/10,67.68,2.699,189.6125456,6.868,0,57197,586583.69,B
17,7/16/10,65.66,2.791,126.1498065,6.697,0,93188,876591.41,B
18,7/16/10,76.9,2.796,132.5667742,9.342,0,120653,1115514.61,B
19,7/16/10,74.6,2.933,132.5667742,8.099,0,203819,1412157.02,A
20,7/16/10,75.14,2.783,204.3571656,7.527,0,203742,2031852.16,A
21,7/16/10,85.61,2.623,210.7577954,8.099,0,140167,755098.41,B
22,7/16/10,76.3,2.796,136.4179827,8.433,0,119557,988392.99,B
23,7/16/10,73.94,2.796,132.5667742,5.326,0,114533,1413124.11,B
24,7/16/10,76.56,2.933,132.5667742,8.117,0,203819,1418697.05,A
25,7/16/10,73.43,2.783,204.3571656,7.527,0,128107,726997.84,B
26,7/16/10,67.66,2.796,132.5667742,8.445,0,152513,1028151.72,A
27,7/16/10,78.26,2.933,136.4179827,7.982,0,204184,1880691.64,A
28,7/16/10,97.18,3.094,126.1498065,14.18,0,206302,1225336.41,A
29,7/16/10,76.3,2.796,132.5667742,10.409,0,93638,512292.01,B
30,7/16/10,85.61,2.623,210.7577954,8.099,0,42988,438068.71,C
31,7/16/10,85.61,2.623,210.7577954,8.099,0,203750,1335433.72,A
32,7/16/10,76.2,2.699,189.6125456,9.017,0,203007,1120172.24,A
33,7/16/10,100.14,2.971,126.1498065,9.495,0,39690,280937.84,A
34,7/16/10,78.53,2.621,126.1498065,9.816,0,158114,930269.79,A
35,7/16/10,78.26,2.783,136.4179827,8.861,0,103681,1124414.87,B
36,7/16/10,84.43,2.561,209.8630532,8.36,0,39910,466962.04,A
37,7/16/10,84.43,2.623,209.8630532,8.36,0,39910,485150.01,C
38,7/16/10,97.18,3.094,126.1498065,14.18,0,39690,338277.71,C
39,7/16/10,83.86,2.623,209.8630532,8.36,0,184109,1339811.68,A
40,7/16/10,74.25,2.796,132.5667742,5.326,0,155083,959229.09,A
41,7/16/10,69.06,2.699,189.6125456,7.335,0,196321,1179788.38,A
42,7/16/10,91.8,2.971,126.1498065,9.199,0,39690,558837.27,C
43,7/16/10,84.17,2.623,203.0538548,9.816,0,41062,696844.36,C
44,7/16/10,77.79,2.791,126.1498065,7.804,0,39910,297099.95,C
45,7/16/10,77.84,2.783,182.2604411,8.743,0,118221,723708.99,B
1,7/23/10,83.36,2.608,211.2351443,7.787,0,151315,1385065.2,A
2,7/23/10,87.66,2.608,210.8921319,8.099,0,202307,1781717.71,A
3,7/23/10,83.32,2.608,214.5564968,7.346,0,37392,352864.49,B
4,7/23/10,79.78,2.612,126.1283548,7.372,0,205863,1848426.78,A
5,7/23/10,83.66,2.608,211.7915565,6.496,0,34875,274742.63,B
6,7/23/10,83.9,2.608,212.7578505,6.973,0,202505,1585240.92,A
7,7/23/10,64.64,2.691,189.774698,9.017,0,70713,570231.21,B
8,7/23/10,78.29,2.608,214.6029664,6.315,0,155078,785515.88,A
9,7/23/10,84.49,2.608,214.7865779,6.442,0,125833,462676.5,B
10,7/23/10,88.44,3.112,126.1283548,9.199,0,126512,1831676.03,B
11,7/23/10,84.57,2.608,214.5564968,7.346,0,207499,1244390.03,A
12,7/23/10,99.22,3.112,126.1283548,14.18,0,112238,912403.67,B
13,7/23/10,82.27,2.797,126.1283548,7.951,0,219622,1907351.2,A
14,7/23/10,81.46,2.771,182.3509895,8.743,0,200898,2044155.39,A
15,7/23/10,73.2,2.924,132.5825806,8.099,0,123737,598553.43,B
16,7/23/10,70.67,2.691,189.774698,6.868,0,57197,588344.18,B
17,7/23/10,69.66,2.797,126.1283548,6.697,0,93188,893504.87,B
18,7/23/10,75.71,2.784,132.5825806,9.342,0,120653,1032908.23,B
19,7/23/10,74.68,2.924,132.5825806,8.099,0,203819,1372043.71,A
20,7/23/10,77.75,2.771,204.4812188,7.527,0,203742,1900535.9,A
21,7/23/10,87.17,2.608,210.8921319,8.099,0,140167,765823.48,B
22,7/23/10,76.91,2.784,136.4366924,8.433,0,119557,974123.2,B
23,7/23/10,70.2,2.784,132.5825806,5.326,0,114533,1333634.45,B
24,7/23/10,75.27,2.924,132.5825806,8.117,0,203819,1333740.35,A
25,7/23/10,75.37,2.771,204.4812188,7.527,0,128107,665290.93,B
26,7/23/10,65.4,2.784,132.5825806,8.445,0,152513,971615.62,A
27,7/23/10,81.56,2.924,136.4366924,7.982,0,204184,1808250.71,A
28,7/23/10,99.22,3.112,126.1283548,14.18,0,206302,1205884.98,A
29,7/23/10,76.91,2.784,132.5825806,10.409,0,93638,506502.09,B
30,7/23/10,87.17,2.608,210.8921319,8.099,0,42988,440491.33,C
31,7/23/10,87.17,2.608,210.8921319,8.099,0,203750,1276031.84,A
32,7/23/10,75.69,2.691,189.774698,9.017,0,203007,1109574.11,A
33,7/23/10,97.04,3.112,126.1283548,9.495,0,39690,252734.31,A
34,7/23/10,79.58,2.612,126.1283548,9.816,0,158114,902050.95,A
35,7/23/10,81.56,2.771,136.4366924,8.861,0,103681,1121756.43,B
36,7/23/10,82.6,2.542,209.9958663,8.36,0,39910,452021.2,A
37,7/23/10,82.6,2.608,209.9958663,8.36,0,39910,491998.12,C
38,7/23/10,99.22,3.112,126.1283548,14.18,0,39690,328336.85,C
39,7/23/10,82.2,2.608,209.9958663,8.36,0,184109,1314651.83,A
40,7/23/10,71.79,2.784,132.5825806,5.326,0,155083,922341.82,A
41,7/23/10,70.77,2.691,189.774698,7.335,0,196321,1192213.87,A
42,7/23/10,88.44,3.112,126.1283548,9.199,0,39690,491115.86,C
43,7/23/10,86.6,2.608,203.1750161,9.816,0,41062,649035.55,C
44,7/23/10,82.27,2.797,126.1283548,7.804,0,39910,292680.16,C
45,7/23/10,81.46,2.771,182.3509895,8.743,0,118221,714601.11,B
1,7/30/10,81.84,2.64,211.3699032,7.787,0,151315,1371986.6,A
2,7/30/10,83.49,2.64,211.0264684,8.099,0,202307,1804246.16,A
3,7/30/10,82.04,2.64,214.695346,7.346,0,37392,347955.05,B
4,7/30/10,80.7,2.65,126.1069032,7.372,0,205863,1796637.61,A
5,7/30/10,82.46,2.64,211.9270006,6.496,0,34875,268929.03,B
6,7/30/10,81.37,2.64,212.8944846,6.973,0,202505,1532308.78,A
7,7/30/10,66.07,2.69,189.9368504,9.017,0,70713,603547.16,B
8,7/30/10,76.02,2.64,214.7418728,6.315,0,155078,787295.09,A
9,7/30/10,79.83,2.64,214.9257105,6.442,0,125833,468675.19,B
10,7/30/10,85.03,3.017,126.1069032,9.199,0,126512,1832664.03,B
11,7/30/10,83.26,2.64,214.695346,7.346,0,207499,1250178.89,A
12,7/30/10,96.31,3.017,126.1069032,14.18,0,112238,913548.25,B
13,7/30/10,78.94,2.797,126.1069032,7.951,0,219622,1817887.23,A
14,7/30/10,79.78,2.781,182.4415378,8.743,0,200898,2054843.28,A
15,7/30/10,72.04,2.932,132.5983871,8.099,0,123737,619224.06,B
16,7/30/10,70.71,2.69,189.9368504,6.868,0,57197,562633.67,B
17,7/30/10,69.96,2.797,126.1069032,6.697,0,93188,833517.19,B
18,7/30/10,75.79,2.792,132.5983871,9.342,0,120653,1078557.62,B
19,7/30/10,72.83,2.932,132.5983871,8.099,0,203819,1366395.96,A
20,7/30/10,76.03,2.781,204.605272,7.527,0,203742,1955896.59,A
21,7/30/10,83.59,2.64,211.0264684,8.099,0,140167,715876.27,B
22,7/30/10,76.35,2.792,136.4554021,8.433,0,119557,970773.64,B
23,7/30/10,69.71,2.792,132.5983871,5.326,0,114533,1319773.55,B
24,7/30/10,75.91,2.932,132.5983871,8.117,0,203819,1387517.63,A
25,7/30/10,71.99,2.781,204.605272,7.527,0,128107,682124.34,B
26,7/30/10,63.79,2.792,132.5983871,8.445,0,152513,1005324.28,A
27,7/30/10,79.78,2.932,136.4554021,7.982,0,204184,1816489.53,A
28,7/30/10,96.31,3.017,126.1069032,14.18,0,206302,1150204.71,A
29,7/30/10,76.35,2.792,132.5983871,10.409,0,93638,509872.77,B
30,7/30/10,83.59,2.64,211.0264684,8.099,0,42988,437893.76,C
31,7/30/10,83.59,2.64,211.0264684,8.099,0,203750,1231993.14,A
32,7/30/10,75.62,2.69,189.9368504,9.017,0,203007,1065350.56,A
33,7/30/10,92.71,3.017,126.1069032,9.495,0,39690,242047.03,A
34,7/30/10,72.26,2.65,126.1069032,9.816,0,158114,875976.83,A
35,7/30/10,79.78,2.781,136.4554021,8.861,0,103681,1139131.78,B
36,7/30/10,81.88,2.602,210.1286794,8.36,0,39910,432451.91,A
37,7/30/10,81.88,2.64,210.1286794,8.36,0,39910,487912.95,C
38,7/30/10,96.31,3.017,126.1069032,14.18,0,39690,336378.38,C
39,7/30/10,80.99,2.64,210.1286794,8.36,0,184109,1308222.24,A
40,7/30/10,71.35,2.792,132.5983871,5.326,0,155083,953393.02,A
41,7/30/10,70.07,2.69,189.9368504,7.335,0,196321,1211136.63,A
42,7/30/10,85.03,3.017,126.1069032,9.199,0,39690,469598.57,C
43,7/30/10,79.79,2.64,203.2961774,9.816,0,41062,622112.23,C
44,7/30/10,78.94,2.797,126.1069032,7.804,0,39910,275020.96,C
45,7/30/10,79.78,2.781,182.4415378,8.743,0,118221,716859.27,B
1,8/6/10,87.16,2.627,211.5046621,7.787,0,151315,1605491.78,A
2,8/6/10,89.53,2.627,211.1608049,8.099,0,202307,1991909.98,A
3,8/6/10,85.13,2.627,214.8341952,7.346,0,37392,402635.76,B
4,8/6/10,76.53,2.64,126.0854516,7.372,0,205863,1907638.58,A
5,8/6/10,86.1,2.627,212.0624447,6.496,0,34875,303043.02,B
6,8/6/10,86.61,2.627,213.0311188,6.973,0,202505,1633241.59,A
7,8/6/10,61.7,2.69,190.0990028,9.017,0,70713,643854.17,B
8,8/6/10,80.37,2.627,214.8807793,6.315,0,155078,893399.77,A
9,8/6/10,87.09,2.627,215.064843,6.442,0,125833,522815.45,B
10,8/6/10,86.13,3.123,126.0854516,9.199,0,126512,1949236.09,B
11,8/6/10,86.54,2.627,214.8341952,7.346,0,207499,1369634.92,A
12,8/6/10,92.95,3.123,126.0854516,14.18,0,112238,967576.95,B
13,8/6/10,81.24,2.802,126.0854516,7.951,0,219622,1969121.45,A
14,8/6/10,77.17,2.784,182.5320862,8.743,0,200898,2219813.5,A
15,8/6/10,72.7,2.942,132.6141935,8.099,0,123737,639651.24,B
16,8/6/10,67.42,2.69,190.0990028,6.868,0,57197,586936.45,B
17,8/6/10,70.53,2.802,126.0854516,6.697,0,93188,795301.17,B
18,8/6/10,73.67,2.792,132.6141935,9.342,0,120653,1166117.85,B
19,8/6/10,74.2,2.942,132.6141935,8.099,0,203819,1492060.89,A
20,8/6/10,74.57,2.784,204.7293252,7.527,0,203742,1910177.38,A
21,8/6/10,90.3,2.627,211.1608049,8.099,0,140167,739279.19,B
22,8/6/10,74.37,2.792,136.4741118,8.433,0,119557,1010326.14,B
23,8/6/10,70.03,2.792,132.6141935,5.326,0,114533,1417013.07,B
24,8/6/10,74.54,2.942,132.6141935,8.117,0,203819,1442819.28,A
25,8/6/10,71.79,2.784,204.7293252,7.527,0,128107,699464.43,B
26,8/6/10,62.93,2.792,132.6141935,8.445,0,152513,1125329.77,A
27,8/6/10,77.45,2.942,136.4741118,7.982,0,204184,1908036.68,A
28,8/6/10,92.95,3.123,126.0854516,14.18,0,206302,1523101.38,A
29,8/6/10,74.37,2.792,132.6141935,10.409,0,93638,519787.93,B
30,8/6/10,90.3,2.627,211.1608049,8.099,0,42988,441407.06,C
31,8/6/10,90.3,2.627,211.1608049,8.099,0,203750,1352401.08,A
32,8/6/10,72.95,2.69,190.0990028,9.017,0,203007,1144552.09,A
33,8/6/10,92.51,3.123,126.0854516,9.495,0,39690,262789.95,A
34,8/6/10,73.8,2.64,126.0854516,9.816,0,158114,987435.35,A
35,8/6/10,77.45,2.784,136.4741118,8.861,0,103681,1180183.39,B
36,8/6/10,85.49,2.573,210.2614925,8.36,0,39910,467442.94,A
37,8/6/10,85.49,2.627,210.2614925,8.36,0,39910,508576.62,C
38,8/6/10,92.95,3.123,126.0854516,14.18,0,39690,378574.44,C
39,8/6/10,84.92,2.627,210.2614925,8.36,0,184109,1409989.67,A
40,8/6/10,69.16,2.792,132.6141935,5.326,0,155083,1057295.87,A
41,8/6/10,69.21,2.69,190.0990028,7.335,0,196321,1338132.72,A
42,8/6/10,86.13,3.123,126.0854516,9.199,0,39690,579544.21,C
43,8/6/10,84.66,2.627,203.4173387,9.816,0,41062,698536.06,C
44,8/6/10,81.24,2.802,126.0854516,7.804,0,39910,296804.49,C
45,8/6/10,77.17,2.784,182.5320862,8.743,0,118221,746517.32,B
1,8/13/10,87,2.692,211.6394211,7.787,0,151315,1508237.76,A
2,8/13/10,89.05,2.692,211.2951413,8.099,0,202307,1895601.05,A
3,8/13/10,86.74,2.692,214.9730444,7.346,0,37392,339597.38,B
4,8/13/10,78.08,2.698,126.064,7.372,0,205863,2007050.75,A
5,8/13/10,87.41,2.692,212.1978889,6.496,0,34875,286477.35,B
6,8/13/10,86.83,2.692,213.1677529,6.973,0,202505,1547654.98,A
7,8/13/10,60.13,2.723,190.2611552,9.017,0,70713,598185.4,B
8,8/13/10,80.11,2.692,215.0196857,6.315,0,155078,867919.21,A
9,8/13/10,86.85,2.692,215.2039756,6.442,0,125833,481897.98,B
10,8/13/10,88.37,3.049,126.064,9.199,0,126512,1962996.7,B
11,8/13/10,87.73,2.692,214.9730444,7.346,0,207499,1384339.1,A
12,8/13/10,87.01,3.159,126.064,14.18,0,112238,928264.4,B
13,8/13/10,74.93,2.837,126.064,7.951,0,219622,1877592.55,A
14,8/13/10,78.44,2.805,182.6226346,8.743,0,200898,2052984.81,A
15,8/13/10,72.17,2.923,132.63,8.099,0,123737,622437.08,B
16,8/13/10,63.91,2.723,190.2611552,6.868,0,57197,543757.97,B
17,8/13/10,65.17,2.837,126.064,6.697,0,93188,759995.18,B
18,8/13/10,74.19,2.81,132.63,9.342,0,120653,1084722.78,B
19,8/13/10,72.71,2.923,132.63,8.099,0,203819,1418027.08,A
20,8/13/10,75.98,2.805,204.8533784,7.527,0,203742,2071022.45,A
21,8/13/10,89.65,2.692,211.2951413,8.099,0,140167,793589.18,B
22,8/13/10,74.75,2.81,136.4928214,8.433,0,119557,993097.43,B
23,8/13/10,67.43,2.81,132.63,5.326,0,114533,1346345.97,B
24,8/13/10,74.17,2.923,132.63,8.117,0,203819,1384243.75,A
25,8/13/10,72.73,2.805,204.8533784,7.527,0,128107,686072.39,B
26,8/13/10,61.58,2.81,132.63,8.445,0,152513,1011938.29,A
27,8/13/10,77.36,2.923,136.4928214,7.982,0,204184,1864436.12,A
28,8/13/10,87.01,3.159,126.064,14.18,0,206302,1218688.09,A
29,8/13/10,74.75,2.81,132.63,10.409,0,93638,495269,B
30,8/13/10,89.65,2.692,211.2951413,8.099,0,42988,444160.07,C
31,8/13/10,89.65,2.692,211.2951413,8.099,0,203750,1327719.34,A
32,8/13/10,74.97,2.723,190.2611552,9.017,0,203007,1157975.68,A
33,8/13/10,95.57,3.049,126.064,9.495,0,39690,265367.51,A
34,8/13/10,76.72,2.698,126.064,9.816,0,158114,951208.65,A
35,8/13/10,77.36,2.805,136.4928214,8.861,0,103681,1090587.5,B
36,8/13/10,86.06,2.644,210.3943056,8.36,0,39910,470436.8,A
37,8/13/10,86.06,2.692,210.3943056,8.36,0,39910,491815.83,C
38,8/13/10,87.01,3.159,126.064,14.18,0,39690,341400.72,C
39,8/13/10,85.66,2.692,210.3943056,8.36,0,184109,1371465.66,A
40,8/13/10,67.47,2.81,132.63,5.326,0,155083,924011.76,A
41,8/13/10,70.24,2.723,190.2611552,7.335,0,196321,1285976.53,A
42,8/13/10,88.37,3.049,126.064,9.199,0,39690,583079.97,C
43,8/13/10,86.31,2.692,203.5385,9.816,0,41062,713479.91,C
44,8/13/10,74.93,2.837,126.064,7.804,0,39910,291028.09,C
45,8/13/10,78.44,2.805,182.6226346,8.743,0,118221,722262.21,B
1,8/20/10,86.65,2.664,211.6033633,7.787,0,151315,1513080.49,A
2,8/20/10,88.7,2.664,211.2596586,8.099,0,202307,1964335.23,A
3,8/20/10,88.02,2.664,214.9314191,7.346,0,37392,351728.21,B
4,8/20/10,78.83,2.671,126.0766452,7.372,0,205863,1997181.09,A
5,8/20/10,87.71,2.664,212.1608984,6.496,0,34875,287205.38,B
6,8/20/10,87.36,2.664,213.1291427,6.973,0,202505,1539930.5,A
7,8/20/10,59.59,2.732,190.2948237,9.017,0,70713,582353.17,B
8,8/20/10,79.36,2.664,214.9779825,6.315,0,155078,870676.44,A
9,8/20/10,86.3,2.664,215.1619646,6.442,0,125833,499325.38,B
10,8/20/10,89.88,3.041,126.0766452,9.199,0,126512,1983190.56,B
11,8/20/10,88.93,2.664,214.9314191,7.346,0,207499,1430192.37,A
12,8/20/10,92.81,3.041,126.0766452,14.18,0,112238,948447.34,B
13,8/20/10,76.34,2.85,126.0766452,7.951,0,219622,1997397.63,A
14,8/20/10,76.01,2.779,182.6165205,8.743,0,200898,2057138.31,A
15,8/20/10,71.1,2.913,132.6616129,8.099,0,123737,637090.44,B
16,8/20/10,63.59,2.732,190.2948237,6.868,0,57197,521516.96,B
17,8/20/10,67.04,2.85,126.0766452,6.697,0,93188,783929.7,B
18,8/20/10,71.76,2.796,132.6616129,9.342,0,120653,1141860.67,B
19,8/20/10,72.22,2.913,132.6616129,8.099,0,203819,1419383.19,A
20,8/20/10,75.34,2.779,204.8217044,7.527,0,203742,1975374.56,A
21,8/20/10,89.58,2.664,211.2596586,8.099,0,140167,848873.28,B
22,8/20/10,73.21,2.796,136.5249182,8.433,0,119557,1017045.44,B
23,8/20/10,68.65,2.796,132.6616129,5.326,0,114533,1439901.05,B
24,8/20/10,72.17,2.913,132.6616129,8.117,0,203819,1375307.54,A
25,8/20/10,71.81,2.779,204.8217044,7.527,0,128107,724499.81,B
26,8/20/10,62.68,2.796,132.6616129,8.445,0,152513,1007385.36,A
27,8/20/10,75.16,2.913,136.5249182,7.982,0,204184,1936878.46,A
28,8/20/10,92.81,3.041,126.0766452,14.18,0,206302,1195897.6,A
29,8/20/10,73.21,2.796,132.6616129,10.409,0,93638,531640.19,B
30,8/20/10,89.58,2.664,211.2596586,8.099,0,42988,447139.8,C
31,8/20/10,89.58,2.664,211.2596586,8.099,0,203750,1376571.21,A
32,8/20/10,71.46,2.732,190.2948237,9.017,0,203007,1189887.86,A
33,8/20/10,96.46,3.041,126.0766452,9.495,0,39690,230519.49,A
34,8/20/10,76.45,2.671,126.0766452,9.816,0,158114,985152.94,A
35,8/20/10,75.16,2.779,136.5249182,8.861,0,103681,1033719.5,B
36,8/20/10,85.54,2.604,210.3617581,8.36,0,39910,437949.9,A
37,8/20/10,85.54,2.664,210.3617581,8.36,0,39910,486930.72,C
38,8/20/10,92.81,3.041,126.0766452,14.18,0,39690,329139.73,C
39,8/20/10,85.73,2.664,210.3617581,8.36,0,184109,1471816.52,A
40,8/20/10,67.05,2.796,132.6616129,5.326,0,155083,932397,A
41,8/20/10,66.19,2.732,190.2948237,7.335,0,196321,1353838.39,A
42,8/20/10,89.88,3.041,126.0766452,9.199,0,39690,500945.63,C
43,8/20/10,85.26,2.664,203.5092419,9.816,0,41062,712869.09,C
44,8/20/10,76.34,2.85,126.0766452,7.804,0,39910,284740.5,C
45,8/20/10,76.01,2.779,182.6165205,8.743,0,118221,708568.29,B
1,8/27/10,85.22,2.619,211.5673056,7.787,0,151315,1449142.92,A
2,8/27/10,87.12,2.619,211.2241759,8.099,0,202307,1863840.49,A
3,8/27/10,86.15,2.619,214.8897938,7.346,0,37392,362134.09,B
4,8/27/10,74.44,2.621,126.0892903,7.372,0,205863,1848403.92,A
5,8/27/10,87.05,2.619,212.123908,6.496,0,34875,288519.75,B
6,8/27/10,85.71,2.619,213.0905324,6.973,0,202505,1450766.12,A
7,8/27/10,57.57,2.731,190.3284922,9.017,0,70713,554309.24,B
8,8/27/10,74.92,2.619,214.9362793,6.315,0,155078,888816.78,A
9,8/27/10,84.01,2.619,215.1199536,6.442,0,125833,506789.66,B
10,8/27/10,84.99,3.022,126.0892903,9.199,0,126512,1727565.42,B
11,8/27/10,87.7,2.619,214.8897938,7.346,0,207499,1311263.07,A
12,8/27/10,93.19,3.129,126.0892903,14.18,0,112238,1004516.46,B
13,8/27/10,75.31,2.854,126.0892903,7.951,0,219622,1908278.27,A
14,8/27/10,71.36,2.755,182.6104063,8.743,0,200898,2020332.07,A
15,8/27/10,65.07,2.885,132.6932258,8.099,0,123737,649791.15,B
16,8/27/10,65.66,2.731,190.3284922,6.868,0,57197,581010.52,B
17,8/27/10,65.03,2.854,126.0892903,6.697,0,93188,802583.89,B
18,8/27/10,67.05,2.77,132.6932258,9.342,0,120653,1214302.76,B
19,8/27/10,66.4,2.885,132.6932258,8.099,0,203819,1557888.16,A
20,8/27/10,70.51,2.755,204.7900305,7.527,0,203742,1946369.57,A
21,8/27/10,86.2,2.619,211.2241759,8.099,0,140167,855882.57,B
22,8/27/10,68.99,2.77,136.557015,8.433,0,119557,1081420.96,B
23,8/27/10,63.25,2.77,132.6932258,5.326,0,114533,1584623.36,B
24,8/27/10,67,2.885,132.6932258,8.117,0,203819,1350059.35,A
25,8/27/10,67.15,2.755,204.7900305,7.527,0,128107,711461.95,B
26,8/27/10,57.23,2.77,132.6932258,8.445,0,152513,977322.52,A
27,8/27/10,70.31,2.885,136.557015,7.982,0,204184,1870684.21,A
28,8/27/10,93.19,3.129,126.0892903,14.18,0,206302,1191585.92,A
29,8/27/10,68.99,2.77,132.6932258,10.409,0,93638,545766.13,B
30,8/27/10,86.2,2.619,211.2241759,8.099,0,42988,443810.78,C
31,8/27/10,86.2,2.619,211.2241759,8.099,0,203750,1326621.98,A
32,8/27/10,74.95,2.731,190.3284922,9.017,0,203007,1140501.03,A
33,8/27/10,94,3.022,126.0892903,9.495,0,39690,224031.19,A
34,8/27/10,72.87,2.621,126.0892903,9.816,0,158114,855421.39,A
35,8/27/10,70.31,2.755,136.557015,8.861,0,103681,917693.06,B
36,8/27/10,84.62,2.562,210.3292106,8.36,0,39910,412050.73,A
37,8/27/10,84.62,2.619,210.3292106,8.36,0,39910,512157.25,C
38,8/27/10,93.19,3.129,126.0892903,14.18,0,39690,322868.56,C
39,8/27/10,84.31,2.619,210.3292106,8.36,0,184109,1417515.93,A
40,8/27/10,62.57,2.77,132.6932258,5.326,0,155083,922328.02,A
41,8/27/10,70.59,2.731,190.3284922,7.335,0,196321,1173131.63,A
42,8/27/10,84.99,3.022,126.0892903,9.199,0,39690,465993.51,C
43,8/27/10,80.32,2.619,203.4799839,9.816,0,41062,655284.69,C
44,8/27/10,75.31,2.854,126.0892903,7.804,0,39910,293155.08,C
45,8/27/10,71.36,2.755,182.6104063,8.743,0,118221,721744.33,B
1,9/3/10,81.21,2.577,211.5312479,7.787,0,151315,1540163.53,A
2,9/3/10,81.83,2.577,211.1886931,8.099,0,202307,1904608.09,A
3,9/3/10,84.16,2.577,214.8481685,7.346,0,37392,366473.97,B
4,9/3/10,76.8,2.584,126.1019355,7.372,0,205863,1935857.58,A
5,9/3/10,84.06,2.577,212.0869176,6.496,0,34875,323798,B
6,9/3/10,82.15,2.577,213.0519222,6.973,0,202505,1510925.32,A
7,9/3/10,49.84,2.773,190.3621607,9.017,0,70713,532765.05,B
8,9/3/10,76.14,2.577,214.894576,6.315,0,155078,899036.47,A
9,9/3/10,82.47,2.577,215.0779426,6.442,0,125833,511049.06,B
10,9/3/10,83.8,3.087,126.1019355,9.199,0,126512,1766331.45,B
11,9/3/10,84.94,2.577,214.8481685,7.346,0,207499,1303914.27,A
12,9/3/10,83.12,3.087,126.1019355,14.18,0,112238,1075758.55,B
13,9/3/10,65.71,2.868,126.1019355,7.951,0,219622,1911852.58,A
14,9/3/10,78.37,2.715,182.6042922,8.743,0,200898,2182563.66,A
15,9/3/10,73.17,2.86,132.7248387,8.099,0,123737,638647.21,B
16,9/3/10,58.02,2.773,190.3621607,6.868,0,57197,542087.89,B
17,9/3/10,57.86,2.868,126.1019355,6.697,0,93188,834373.73,B
18,9/3/10,75.42,2.735,132.7248387,9.342,0,120653,1187359.77,B
19,9/3/10,74.69,2.86,132.7248387,8.099,0,203819,1623519.64,A
20,9/3/10,75.5,2.715,204.7583566,7.527,0,203742,2121561.41,A
21,9/3/10,82.57,2.577,211.1886931,8.099,0,140167,727772.8,B
22,9/3/10,75.85,2.735,136.5891118,8.433,0,119557,1074535.88,B
23,9/3/10,72.91,2.735,132.7248387,5.326,0,114533,1405119.23,B
24,9/3/10,73.52,2.86,132.7248387,8.117,0,203819,1366381.6,A
25,9/3/10,71.17,2.715,204.7583566,7.527,0,128107,685700.08,B
26,9/3/10,66.93,2.735,132.7248387,8.445,0,152513,1037549.71,A
27,9/3/10,78.52,2.86,136.5891118,7.982,0,204184,1908110.9,A
28,9/3/10,83.12,3.087,126.1019355,14.18,0,206302,1523410.71,A
29,9/3/10,75.85,2.735,132.7248387,10.409,0,93638,579272.38,B
30,9/3/10,82.57,2.577,211.1886931,8.099,0,42988,461548.98,C
31,9/3/10,82.57,2.577,211.1886931,8.099,0,203750,1302047.48,A
32,9/3/10,70.2,2.773,190.3621607,9.017,0,203007,1095932.51,A
33,9/3/10,90.82,3.087,126.1019355,9.495,0,39690,237405.82,A
34,9/3/10,72.59,2.584,126.1019355,9.816,0,158114,964356.74,A
35,9/3/10,78.52,2.715,136.5891118,8.861,0,103681,948660.79,B
36,9/3/10,82.29,2.533,210.2966631,8.36,0,39910,431294.45,A
37,9/3/10,82.29,2.577,210.2966631,8.36,0,39910,510427.53,C
38,9/3/10,83.12,3.087,126.1019355,14.18,0,39690,377096.55,C
39,9/3/10,82.13,2.577,210.2966631,8.36,0,184109,1345167.61,A
40,9/3/10,70.66,2.735,132.7248387,5.326,0,155083,976453.34,A
41,9/3/10,64.13,2.773,190.3621607,7.335,0,196321,1223355.5,A
42,9/3/10,83.8,3.087,126.1019355,9.199,0,39690,524658.06,C
43,9/3/10,80.43,2.577,203.4507258,9.816,0,41062,689326.91,C
44,9/3/10,65.71,2.868,126.1019355,7.804,0,39910,295880.12,C
45,9/3/10,78.37,2.715,182.6042922,8.743,0,118221,790144.7,B
1,9/10/10,78.69,2.565,211.4951902,7.787,1,151315,1507460.69,A
2,9/10/10,79.09,2.565,211.1532104,8.099,1,202307,1839128.83,A
3,9/10/10,80.84,2.565,214.8065431,7.346,1,37392,352260.97,B
4,9/10/10,73.54,2.574,126.1145806,7.372,1,205863,1865820.81,A
5,9/10/10,79.86,2.565,212.0499271,6.496,1,34875,306533.08,B
6,9/10/10,78.78,2.565,213.013312,6.973,1,202505,1424225.44,A
7,9/10/10,48.5,2.78,190.3958293,9.017,1,70713,535769.32,B
8,9/10/10,74.34,2.565,214.8528728,6.315,1,155078,831425.2,A
9,9/10/10,77.7,2.565,215.0359315,6.442,1,125833,484835.2,B
10,9/10/10,84.04,2.961,126.1145806,9.199,1,126512,1720530.23,B
11,9/10/10,81.93,2.565,214.8065431,7.346,1,207499,1231428.46,A
12,9/10/10,83.63,3.044,126.1145806,14.18,1,112238,903119.03,B
13,9/10/10,65.74,2.87,126.1145806,7.951,1,219622,1772143.94,A
14,9/10/10,70.87,2.699,182.598178,8.743,1,200898,2191767.76,A
15,9/10/10,62.36,2.837,132.7564516,8.099,1,123737,641965.2,B
16,9/10/10,57.24,2.78,190.3958293,6.868,1,57197,537518.57,B
17,9/10/10,56.28,2.87,126.1145806,6.697,1,93188,1200888.28,B
18,9/10/10,67.09,2.717,132.7564516,9.342,1,120653,1011201.12,B
19,9/10/10,63.36,2.837,132.7564516,8.099,1,203819,1591453.39,A
20,9/10/10,65.02,2.699,204.7266827,7.527,1,203742,2014954.79,A
21,9/10/10,79.3,2.565,211.1532104,8.099,1,140167,674055.81,B
22,9/10/10,68.6,2.717,136.6212085,8.433,1,119557,924174.4,B
23,9/10/10,63.21,2.717,132.7564516,5.326,1,114533,1272842.85,B
24,9/10/10,67.11,2.837,132.7564516,8.117,1,203819,1474498.59,A
25,9/10/10,61.14,2.699,204.7266827,7.527,1,128107,655811.95,B
26,9/10/10,54.82,2.717,132.7564516,8.445,1,152513,1042226.3,A
27,9/10/10,70.38,2.837,136.6212085,7.982,1,204184,1913494.81,A
28,9/10/10,83.63,3.044,126.1145806,14.18,1,206302,1246062.17,A
29,9/10/10,68.6,2.717,132.7564516,10.409,1,93638,491290.37,B
30,9/10/10,79.3,2.565,211.1532104,8.099,1,42988,455162.92,C
31,9/10/10,79.3,2.565,211.1532104,8.099,1,203750,1308179.02,A
32,9/10/10,68.44,2.78,190.3958293,9.017,1,203007,1028635.39,A
33,9/10/10,91.77,2.961,126.1145806,9.495,1,39690,272834.88,A
34,9/10/10,72.61,2.574,126.1145806,9.816,1,158114,932240.96,A
35,9/10/10,70.38,2.699,136.6212085,8.861,1,103681,961685.98,B
36,9/10/10,80.58,2.513,210.2641156,8.36,1,39910,434471.38,A
37,9/10/10,80.58,2.565,210.2641156,8.36,1,39910,510296.07,C
38,9/10/10,83.63,3.044,126.1145806,14.18,1,39690,336227.69,C
39,9/10/10,79.94,2.565,210.2641156,8.36,1,184109,1279666.47,A
40,9/10/10,62.75,2.717,132.7564516,5.326,1,155083,967310.82,A
41,9/10/10,63.3,2.78,190.3958293,7.335,1,196321,1172672.27,A
42,9/10/10,84.04,2.961,126.1145806,9.199,1,39690,589091.04,C
43,9/10/10,81.32,2.565,203.4214677,9.816,1,41062,722120.04,C
44,9/10/10,65.74,2.87,126.1145806,7.804,1,39910,283455.13,C
45,9/10/10,70.87,2.699,182.598178,8.743,1,118221,721460.22,B
1,9/17/10,82.11,2.582,211.5224596,7.787,0,151315,1430378.67,A
2,9/17/10,82.05,2.582,211.1806415,8.099,0,202307,1793903.6,A
3,9/17/10,82.36,2.582,214.8322484,7.346,0,37392,363064.64,B
4,9/17/10,64.91,2.594,126.1454667,7.372,0,205863,1899959.61,A
5,9/17/10,82.28,2.582,212.0769346,6.496,0,34875,282558.65,B
6,9/17/10,81.78,2.582,213.0398643,6.973,0,202505,1308537.75,A
7,9/17/10,48.56,2.8,190.4688287,9.017,0,70713,489408.53,B
8,9/17/10,75.32,2.582,214.8785562,6.315,0,155078,836707.85,A
9,9/17/10,81.19,2.582,215.0615285,6.442,0,125833,463448.59,B
10,9/17/10,85.52,3.028,126.1454667,9.199,0,126512,1716755.78,B
11,9/17/10,83.04,2.582,214.8322484,7.346,0,207499,1215676.31,A
12,9/17/10,82.45,3.028,126.1454667,14.18,0,112238,852882.61,B
13,9/17/10,66.84,2.875,126.1454667,7.951,0,219622,1790279.74,A
14,9/17/10,66.55,2.706,182.622509,8.743,0,200898,1953539.85,A
15,9/17/10,57.94,2.846,132.7670667,8.099,0,123737,583210.87,B
16,9/17/10,56.55,2.8,190.4688287,6.868,0,57197,522049.52,B
17,9/17/10,58.53,2.875,126.1454667,6.697,0,93188,871264.25,B
18,9/17/10,60.94,2.716,132.7670667,9.342,0,120653,997998.21,B
19,9/17/10,58.68,2.846,132.7670667,8.099,0,203819,1386789.31,A
20,9/17/10,65.28,2.706,204.7513279,7.527,0,203742,1948359.78,A
21,9/17/10,83.03,2.582,211.1806415,8.099,0,140167,684340.86,B
22,9/17/10,62.49,2.716,136.6338071,8.433,0,119557,918285.97,B
23,9/17/10,55.3,2.716,132.7670667,5.326,0,114533,1159132.58,B
24,9/17/10,60.31,2.846,132.7670667,8.117,0,203819,1273295.46,A
25,9/17/10,60.13,2.706,204.7513279,7.527,0,128107,628989.88,B
26,9/17/10,50.08,2.716,132.7670667,8.445,0,152513,923473.7,A
27,9/17/10,64.5,2.846,136.6338071,7.982,0,204184,1629978.46,A
28,9/17/10,82.45,3.028,126.1454667,14.18,0,206302,1159812.35,A
29,9/17/10,62.49,2.716,132.7670667,10.409,0,93638,463752.89,B
30,9/17/10,83.03,2.582,211.1806415,8.099,0,42988,462058.19,C
31,9/17/10,83.03,2.582,211.1806415,8.099,0,203750,1294105.01,A
32,9/17/10,67.17,2.8,190.4688287,9.017,0,203007,1043962.36,A
33,9/17/10,89.43,3.028,126.1454667,9.495,0,39690,246277.18,A
34,9/17/10,70.71,2.594,126.1454667,9.816,0,158114,885445.47,A
35,9/17/10,64.5,2.706,136.6338071,8.861,0,103681,831443.61,B
36,9/17/10,82.1,2.55,210.2924504,8.36,0,39910,454694.21,A
37,9/17/10,82.1,2.582,210.2924504,8.36,0,39910,501251.4,C
38,9/17/10,82.45,3.028,126.1454667,14.18,0,39690,336253.19,C
39,9/17/10,81.83,2.582,210.2924504,8.36,0,184109,1252915.43,A
40,9/17/10,55.34,2.716,132.7670667,5.326,0,155083,855046.95,A
41,9/17/10,62.4,2.8,190.4688287,7.335,0,196321,1111170.91,A
42,9/17/10,85.52,3.028,126.1454667,9.199,0,39690,536871.58,C
43,9/17/10,78.86,2.582,203.4499286,9.816,0,41062,725043.04,C
44,9/17/10,66.84,2.875,126.1454667,7.804,0,39910,279364.13,C
45,9/17/10,66.55,2.706,182.622509,8.743,0,118221,716987.58,B
1,9/24/10,80.94,2.624,211.5972246,7.787,0,151315,1351791.03,A
2,9/24/10,81.79,2.624,211.2552578,8.099,0,202307,1724557.22,A
3,9/24/10,76.9,2.624,214.9084516,7.346,0,37392,355626.87,B
4,9/24/10,60.96,2.642,126.1900333,7.372,0,205863,1810684.68,A
5,9/24/10,78.53,2.624,212.1519404,6.496,0,34875,293131.58,B
6,9/24/10,76.49,2.624,213.1152886,6.973,0,202505,1275591.84,A
7,9/24/10,47.55,2.793,190.5713264,9.017,0,70713,488008.83,B
8,9/24/10,72.21,2.624,214.9547795,6.315,0,155078,773725.08,A
9,9/24/10,77.15,2.624,215.1378313,6.442,0,125833,452905.22,B
10,9/24/10,85.75,2.939,126.1900333,9.199,0,126512,1655036.75,B
11,9/24/10,77.36,2.624,214.9084516,7.346,0,207499,1170103.25,A
12,9/24/10,81.77,2.939,126.1900333,14.18,0,112238,851919.34,B
13,9/24/10,68.22,2.872,126.1900333,7.951,0,219622,1705655.09,A
14,9/24/10,68.59,2.713,182.6696737,8.743,0,200898,1879891.13,A
15,9/24/10,62.53,2.837,132.7619333,8.099,0,123737,548542.47,B
16,9/24/10,58.19,2.793,190.5713264,6.868,0,57197,511330.32,B
17,9/24/10,58.39,2.872,126.1900333,6.697,0,93188,852876.29,B
18,9/24/10,64.82,2.718,132.7619333,9.342,0,120653,950862.92,B
19,9/24/10,63.43,2.837,132.7619333,8.099,0,203819,1318343.58,A
20,9/24/10,69.37,2.713,204.8182126,7.527,0,203742,1789687.65,A
21,9/24/10,80.79,2.624,211.2552578,8.099,0,140167,671688.06,B
22,9/24/10,65.14,2.718,136.6317821,8.433,0,119557,902779.25,B
23,9/24/10,57.75,2.718,132.7619333,5.326,0,114533,1099055.65,B
24,9/24/10,64.3,2.837,132.7619333,8.117,0,203819,1169413.27,A
25,9/24/10,65.06,2.713,204.8182126,7.527,0,128107,607819.33,B
26,9/24/10,52.47,2.718,132.7619333,8.445,0,152513,868636.3,A
27,9/24/10,67.08,2.837,136.6317821,7.982,0,204184,1597002.71,A
28,9/24/10,81.77,2.939,126.1900333,14.18,0,206302,1111797.21,A
29,9/24/10,65.14,2.718,132.7619333,10.409,0,93638,465338.41,B
30,9/24/10,80.79,2.624,211.2552578,8.099,0,42988,448392.17,C
31,9/24/10,80.79,2.624,211.2552578,8.099,0,203750,1230250.25,A
32,9/24/10,64.19,2.793,190.5713264,9.017,0,203007,1067432.1,A
33,9/24/10,91.18,2.939,126.1900333,9.495,0,39690,231976.84,A
34,9/24/10,69.78,2.642,126.1900333,9.816,0,158114,867539.07,A
35,9/24/10,67.08,2.713,136.6317821,8.861,0,103681,758069.78,B
36,9/24/10,79.17,2.578,210.3664469,8.36,0,39910,419348.59,A
37,9/24/10,79.17,2.624,210.3664469,8.36,0,39910,494265.48,C
38,9/24/10,81.77,2.939,126.1900333,14.18,0,39690,330604.9,C
39,9/24/10,78.5,2.624,210.3664469,8.36,0,184109,1199449.54,A
40,9/24/10,55.63,2.718,132.7619333,5.326,0,155083,844373.31,A
41,9/24/10,60.11,2.793,190.5713264,7.335,0,196321,1110941.78,A
42,9/24/10,85.75,2.939,126.1900333,9.199,0,39690,492262.96,C
43,9/24/10,77.42,2.624,203.5216786,9.816,0,41062,650263.95,C
44,9/24/10,68.22,2.872,126.1900333,7.804,0,39910,281313.78,C
45,9/24/10,68.59,2.713,182.6696737,8.743,0,118221,678228.58,B
1,10/1/10,71.89,2.603,211.6719895,7.838,0,151315,1453329.5,A
2,10/1/10,69.24,2.603,211.3298742,8.163,0,202307,1827440.43,A
3,10/1/10,73.6,2.603,214.9846548,7.564,0,37392,358784.1,B
4,10/1/10,63.96,2.619,126.2346,7.127,0,205863,1842821.02,A
5,10/1/10,71.1,2.603,212.2269463,6.768,0,34875,283178.12,B
6,10/1/10,70.69,2.603,213.1907129,7.007,0,202505,1328468.89,A
7,10/1/10,49.99,2.759,190.6738241,9.137,0,70713,448998.73,B
8,10/1/10,68.7,2.603,215.0310029,6.433,0,155078,804105.49,A
9,10/1/10,69.08,2.603,215.2141341,6.56,0,125833,495692.19,B
10,10/1/10,86.01,3.001,126.2346,9.003,0,126512,1645892.97,B
11,10/1/10,75.11,2.603,214.9846548,7.564,0,207499,1182490.46,A
12,10/1/10,85.2,3.001,126.2346,14.313,0,112238,850936.26,B
13,10/1/10,68.74,2.853,126.2346,7.795,0,219622,1765584.48,A
14,10/1/10,70.58,2.707,182.7168385,8.724,0,200898,1855703.66,A
15,10/1/10,59.69,2.84,132.7568,8.067,0,123737,566945.95,B
16,10/1/10,59.39,2.759,190.6738241,6.986,0,57197,463977.54,B
17,10/1/10,60.07,2.853,126.2346,6.885,0,93188,829207.27,B
18,10/1/10,67.76,2.717,132.7568,9.331,0,120653,948977.5,B
19,10/1/10,59.91,2.84,132.7568,8.067,0,203819,1379456.3,A
20,10/1/10,61.08,2.707,204.8850973,7.484,0,203742,1933719.21,A
21,10/1/10,70.28,2.603,211.3298742,8.163,0,140167,677158.39,B
22,10/1/10,69.31,2.717,136.6297571,8.572,0,119557,905987.17,B
23,10/1/10,62.07,2.717,132.7568,5.287,0,114533,1129909.44,B
24,10/1/10,66.88,2.84,132.7568,8.275,0,203819,1215273.2,A
25,10/1/10,57.56,2.707,204.8850973,7.484,0,128107,658640.14,B
26,10/1/10,57.8,2.717,132.7568,8.149,0,152513,923221.52,A
27,10/1/10,70.19,2.84,136.6297571,8.021,0,204184,1543532.83,A
28,10/1/10,85.2,3.001,126.2346,14.313,0,206302,1203080.41,A
29,10/1/10,69.31,2.717,132.7568,10.524,0,93638,474698.01,B
30,10/1/10,70.28,2.603,211.3298742,8.163,0,42988,445475.3,C
31,10/1/10,70.28,2.603,211.3298742,8.163,0,203750,1213981.64,A
32,10/1/10,66.14,2.759,190.6738241,9.137,0,203007,1061089.56,A
33,10/1/10,91.45,3.001,126.2346,9.265,0,39690,224294.39,A
34,10/1/10,70.13,2.619,126.2346,10.21,0,158114,865709.11,A
35,10/1/10,70.19,2.707,136.6297571,8.763,0,103681,771065.21,B
36,10/1/10,74.66,2.567,210.4404433,8.476,0,39910,422169.47,A
37,10/1/10,74.66,2.603,210.4404433,8.476,0,39910,529877.93,C
38,10/1/10,85.2,3.001,126.2346,14.313,0,39690,360256.58,C
39,10/1/10,72.74,2.603,210.4404433,8.476,0,184109,1219583.91,A
40,10/1/10,62.01,2.717,132.7568,5.287,0,155083,891152.33,A
41,10/1/10,62.67,2.759,190.6738241,7.508,0,196321,1109216.35,A
42,10/1/10,86.01,3.001,126.2346,9.003,0,39690,481523.93,C
43,10/1/10,77.93,2.603,203.5934286,10.21,0,41062,657108.77,C
44,10/1/10,68.74,2.853,126.2346,7.61,0,39910,300152.45,C
45,10/1/10,70.58,2.707,182.7168385,8.724,0,118221,690007.76,B
1,10/8/10,63.93,2.633,211.7467544,7.838,0,151315,1508239.93,A
2,10/8/10,63.19,2.633,211.4044906,8.163,0,202307,1849921.44,A
3,10/8/10,66.99,2.633,215.060858,7.564,0,37392,395107.35,B
4,10/8/10,67.73,2.645,126.2791667,7.127,0,205863,1951494.85,A
5,10/8/10,64.99,2.633,212.3019522,6.768,0,34875,290494.85,B
6,10/8/10,65.21,2.633,213.2661373,7.007,0,202505,1360317.9,A
7,10/8/10,44.13,2.745,190.7763218,9.137,0,70713,480239.88,B
8,10/8/10,62.94,2.633,215.1072262,6.433,0,155078,870349.86,A
9,10/8/10,65.35,2.633,215.290437,6.56,0,125833,505069.21,B
10,10/8/10,77.04,2.924,126.2791667,9.003,0,126512,1772192.42,B
11,10/8/10,68.71,2.633,215.060858,7.564,0,207499,1293472.8,A
12,10/8/10,71.82,3.013,126.2791667,14.313,0,112238,918335.68,B
13,10/8/10,63.03,2.841,126.2791667,7.795,0,219622,1871924.07,A
14,10/8/10,56.49,2.764,182.7640032,8.724,0,200898,2091663.2,A
15,10/8/10,52.19,2.903,132.7516667,8.067,0,123737,591603.79,B
16,10/8/10,54.29,2.745,190.7763218,6.986,0,57197,442894.2,B
17,10/8/10,58.06,2.841,126.2791667,6.885,0,93188,827738.06,B
18,10/8/10,54.73,2.776,132.7516667,9.331,0,120653,1107432.71,B
19,10/8/10,53.74,2.903,132.7516667,8.067,0,203819,1428960.72,A
20,10/8/10,51.5,2.764,204.951982,7.484,0,203742,2060389.27,A
21,10/8/10,65.76,2.633,211.4044906,8.163,0,140167,680579.49,B
22,10/8/10,56.32,2.776,136.6277321,8.572,0,119557,1015051.62,B
23,10/8/10,50.75,2.776,132.7516667,5.287,0,114533,1179851.68,B
24,10/8/10,54.82,2.903,132.7516667,8.275,0,203819,1361944.94,A
25,10/8/10,48.46,2.764,204.951982,7.484,0,128107,674283.86,B
26,10/8/10,46.81,2.776,132.7516667,8.149,0,152513,1001069.52,A
27,10/8/10,57.78,2.903,136.6277321,8.021,0,204184,1707662.87,A
28,10/8/10,71.82,3.013,126.2791667,14.313,0,206302,1334571.87,A
29,10/8/10,56.32,2.776,132.7516667,10.524,0,93638,530059.06,B
30,10/8/10,65.76,2.633,211.4044906,8.163,0,42988,462080.47,C
31,10/8/10,65.76,2.633,211.4044906,8.163,0,203750,1300131.68,A
32,10/8/10,61.81,2.745,190.7763218,9.137,0,203007,1085483.44,A
33,10/8/10,79.02,2.924,126.2791667,9.265,0,39690,266484.19,A
34,10/8/10,65.21,2.645,126.2791667,10.21,0,158114,931710.67,A
35,10/8/10,57.78,2.764,136.6277321,8.763,0,103681,874615.32,B
36,10/8/10,66.34,2.595,210.5144398,8.476,0,39910,444351.61,A
37,10/8/10,66.34,2.633,210.5144398,8.476,0,39910,524483.65,C
38,10/8/10,71.82,3.013,126.2791667,14.313,0,39690,351271.36,C
39,10/8/10,64.8,2.633,210.5144398,8.476,0,184109,1286598.59,A
40,10/8/10,52.02,2.776,132.7516667,5.287,0,155083,972405.38,A
41,10/8/10,57.1,2.745,190.7763218,7.508,0,196321,1162042.24,A
42,10/8/10,77.04,2.924,126.2791667,9.003,0,39690,599759.45,C
43,10/8/10,72.81,2.633,203.6651786,10.21,0,41062,713332.54,C
44,10/8/10,63.03,2.841,126.2791667,7.61,0,39910,279524.44,C
45,10/8/10,56.49,2.764,182.7640032,8.724,0,118221,745782.1,B
1,10/15/10,67.18,2.72,211.8137436,7.838,0,151315,1459409.1,A
2,10/15/10,65.8,2.72,211.4713286,8.163,0,202307,1794355.49,A
3,10/15/10,69.71,2.72,215.1293114,7.564,0,37392,345584.39,B
4,10/15/10,62.03,2.732,126.3266774,7.127,0,205863,1867345.09,A
5,10/15/10,68.11,2.72,212.3691867,6.768,0,34875,280681.2,B
6,10/15/10,68.93,2.72,213.3337977,7.007,0,202505,1344580.92,A
7,10/15/10,35.86,2.762,190.8623087,9.137,0,70713,463370.48,B
8,10/15/10,62.59,2.72,215.1757,6.433,0,155078,826546.96,A
9,10/15/10,67.36,2.72,215.3589917,6.56,0,125833,454769.68,B
10,10/15/10,75.48,3.08,126.3266774,9.003,0,126512,1703850.25,B
11,10/15/10,71.46,2.72,215.1293114,7.564,0,207499,1175003.67,A
12,10/15/10,75,2.976,126.3266774,14.313,0,112238,862419.84,B
13,10/15/10,54.12,2.845,126.3266774,7.795,0,219622,1851431.06,A
14,10/15/10,58.61,2.868,182.8106203,8.724,0,200898,1932162.63,A
15,10/15/10,49.96,2.999,132.7633548,8.067,0,123737,577011.26,B
16,10/15/10,45,2.762,190.8623087,6.986,0,57197,452169.28,B
17,10/15/10,47.35,2.845,126.3266774,6.885,0,93188,838297.32,B
18,10/15/10,52.02,2.878,132.7633548,9.331,0,120653,1029618.1,B
19,10/15/10,51.32,2.999,132.7633548,8.067,0,203819,1369317.63,A
20,10/15/10,59.17,2.868,205.0137637,7.484,0,203742,1950676.39,A
21,10/15/10,68.61,2.72,211.4713286,8.163,0,140167,693412.05,B
22,10/15/10,55.23,2.878,136.6401935,8.572,0,119557,954401.46,B
23,10/15/10,45.55,2.878,132.7633548,5.287,0,114533,1119809.71,B
24,10/15/10,52.83,2.999,132.7633548,8.275,0,203819,1300806.74,A
25,10/15/10,54.09,2.868,205.0137637,7.484,0,128107,616094.72,B
26,10/15/10,39.93,2.878,132.7633548,8.149,0,152513,937956.89,A
27,10/15/10,58.38,2.999,136.6401935,8.021,0,204184,1728388.2,A
28,10/15/10,75,2.976,126.3266774,14.313,0,206302,1158062.99,A
29,10/15/10,55.23,2.878,132.7633548,10.524,0,93638,483011.69,B
30,10/15/10,68.61,2.72,211.4713286,8.163,0,42988,453943.89,C
31,10/15/10,68.61,2.72,211.4713286,8.163,0,203750,1265852.43,A
32,10/15/10,52.96,2.762,190.8623087,9.137,0,203007,1096692.88,A
33,10/15/10,80.49,3.08,126.3266774,9.265,0,39690,251732.92,A
34,10/15/10,59.57,2.732,126.3266774,10.21,0,158114,888703.62,A
35,10/15/10,58.38,2.868,136.6401935,8.763,0,103681,798376.99,B
36,10/15/10,71.57,2.705,210.5805944,8.476,0,39910,453308.15,A
37,10/15/10,71.57,2.72,210.5805944,8.476,0,39910,498925.86,C
38,10/15/10,75,2.976,126.3266774,14.313,0,39690,337743.26,C
39,10/15/10,69.96,2.72,210.5805944,8.476,0,184109,1238742,A
40,10/15/10,44.56,2.878,132.7633548,5.287,0,155083,917883.17,A
41,10/15/10,49.91,2.762,190.8623087,7.508,0,196321,1133913.33,A
42,10/15/10,75.48,3.08,126.3266774,9.003,0,39690,559285.35,C
43,10/15/10,68.78,2.72,203.7299032,10.21,0,41062,699852.68,C
44,10/15/10,54.12,2.845,126.3266774,7.61,0,39910,268708.43,C
45,10/15/10,58.61,2.868,182.8106203,8.724,0,118221,715263.3,B
1,10/22/10,69.86,2.725,211.8612937,7.838,0,151315,1345454,A
2,10/22/10,68.5,2.725,211.5187208,8.163,0,202307,1737947.64,A
3,10/22/10,71.64,2.725,215.17839,7.564,0,37392,348895.98,B
4,10/22/10,64.17,2.736,126.3815484,7.127,0,205863,1927610.06,A
5,10/22/10,70.96,2.725,212.4169928,6.768,0,34875,284988.27,B
6,10/22/10,70.97,2.725,213.3820486,7.007,0,202505,1332716.53,A
7,10/22/10,36.84,2.762,190.9070184,9.137,0,70713,472450.81,B
8,10/22/10,62.86,2.725,215.2248,6.433,0,155078,836419.14,A
9,10/22/10,69.99,2.725,215.4081762,6.56,0,125833,466322.76,B
10,10/22/10,68.12,3.014,126.3815484,9.003,0,126512,1740234.06,B
11,10/22/10,72.6,2.725,215.17839,7.564,0,207499,1169831.38,A
12,10/22/10,68.85,3.014,126.3815484,14.313,0,112238,857883.46,B
13,10/22/10,56.89,2.849,126.3815484,7.795,0,219622,1796949.59,A
14,10/22/10,53.15,2.917,182.8558685,8.724,0,200898,1936621.09,A
15,10/22/10,47.1,3.049,132.8170968,8.067,0,123737,600395.73,B
16,10/22/10,45.85,2.762,190.9070184,6.986,0,57197,541216.92,B
17,10/22/10,47.95,2.849,126.3815484,6.885,0,93188,815093.76,B
18,10/22/10,47.12,2.919,132.8170968,9.331,0,120653,1052120.43,B
19,10/22/10,48.45,3.049,132.8170968,8.067,0,203819,1357154.71,A
20,10/22/10,50.52,2.917,205.0627881,7.484,0,203742,1893955.27,A
21,10/22/10,70.72,2.725,211.5187208,8.163,0,140167,710668.45,B
22,10/22/10,50.24,2.919,136.688871,8.572,0,119557,960998.52,B
23,10/22/10,43.19,2.919,132.8170968,5.287,0,114533,1147503.92,B
24,10/22/10,48.69,3.049,132.8170968,8.275,0,203819,1234875.33,A
25,10/22/10,46.73,2.917,205.0627881,7.484,0,128107,661644.19,B
26,10/22/10,36.13,2.919,132.8170968,8.149,0,152513,916522.66,A
27,10/22/10,52.82,3.049,136.688871,8.021,0,204184,1693935.29,A
28,10/22/10,68.85,3.014,126.3815484,14.313,0,206302,1120619.32,A
29,10/22/10,50.24,2.919,132.8170968,10.524,0,93638,505221.17,B
30,10/22/10,70.72,2.725,211.5187208,8.163,0,42988,459631.74,C
31,10/22/10,70.72,2.725,211.5187208,8.163,0,203750,1262289.29,A
32,10/22/10,52.3,2.762,190.9070184,9.137,0,203007,1102185,A
33,10/22/10,74.2,3.014,126.3815484,9.265,0,39690,234175.92,A
34,10/22/10,58.11,2.736,126.3815484,10.21,0,158114,936293.6,A
35,10/22/10,52.82,2.917,136.688871,8.763,0,103681,827705.82,B
36,10/22/10,72.24,2.698,210.6271444,8.476,0,39910,424956.3,A
37,10/22/10,72.24,2.725,210.6271444,8.476,0,39910,510425.4,C
38,10/22/10,68.85,3.014,126.3815484,14.313,0,39690,339042.18,C
39,10/22/10,71.73,2.725,210.6271444,8.476,0,184109,1261109.01,A
40,10/22/10,41.25,2.919,132.8170968,5.287,0,155083,882180.91,A
41,10/22/10,48.09,2.762,190.9070184,7.508,0,196321,1156003.7,A
42,10/22/10,68.12,3.014,126.3815484,9.003,0,39690,522467.51,C
43,10/22/10,69.46,2.725,203.7770645,10.21,0,41062,680943.03,C
44,10/22/10,56.89,2.849,126.3815484,7.61,0,39910,270110.3,C
45,10/22/10,53.15,2.917,182.8558685,8.724,0,118221,730899.37,B
1,10/29/10,69.64,2.716,211.9088438,7.838,0,151315,1955624.11,A
2,10/29/10,66.24,2.716,211.5661131,8.163,0,202307,2658725.29,A
3,10/29/10,72.04,2.716,215.2274686,7.564,0,37392,565567.84,B
4,10/29/10,56.94,2.718,126.4364194,7.127,0,205863,2789469.45,A
5,10/29/10,70.58,2.716,212.464799,6.768,0,34875,488362.61,B
6,10/29/10,70.39,2.716,213.4302994,7.007,0,202505,2267452.4,A
7,10/29/10,34.78,2.748,190.951728,9.137,0,70713,835189.26,B
8,10/29/10,57.93,2.716,215.2739,6.433,0,155078,1261693.16,A
9,10/29/10,64.43,2.716,215.4573607,6.56,0,125833,768070.53,B
10,10/29/10,68.76,3.13,126.4364194,9.003,0,126512,2939946.38,B
11,10/29/10,74.21,2.716,215.2274686,7.564,0,207499,1757242.51,A
12,10/29/10,61.09,3.016,126.4364194,14.313,0,112238,1601377.41,B
13,10/29/10,45.12,2.841,126.4364194,7.795,0,219622,2766400.05,A
14,10/29/10,61.3,2.921,182.9011166,8.724,0,200898,2921709.71,A
15,10/29/10,55.09,3.055,132.8708387,8.067,0,123737,1120018.92,B
16,10/29/10,35.76,2.748,190.951728,6.986,0,57197,651837.77,B
17,10/29/10,39.87,2.841,126.4364194,6.885,0,93188,1005448.76,B
18,10/29/10,55.85,2.938,132.8708387,9.331,0,120653,1653759.36,B
19,10/29/10,56.11,3.055,132.8708387,8.067,0,203819,1993367.83,A
20,10/29/10,57.56,2.921,205.1118126,7.484,0,203742,2811634.04,A
21,10/29/10,67.51,2.716,211.5661131,8.163,0,140167,1245628.61,B
22,10/29/10,57.73,2.938,136.7375484,8.572,0,119557,1564502.26,B
23,10/29/10,48.68,2.938,132.8708387,5.287,0,114533,2072685.05,B
24,10/29/10,57.29,3.055,132.8708387,8.275,0,203819,1779276.51,A
25,10/29/10,55.72,2.921,205.1118126,7.484,0,128107,1115240.61,B
26,10/29/10,40.3,2.938,132.8708387,8.149,0,152513,1286833.62,A
27,10/29/10,61.02,3.055,136.7375484,8.021,0,204184,2627910.75,A
28,10/29/10,61.09,3.016,126.4364194,14.313,0,206302,1937033.5,A
29,10/29/10,57.73,2.938,132.8708387,10.524,0,93638,975268.91,B
30,10/29/10,67.51,2.716,211.5661131,8.163,0,42988,462732.36,C
31,10/29/10,67.51,2.716,211.5661131,8.163,0,203750,1858856.06,A
32,10/29/10,45.45,2.748,190.951728,9.137,0,203007,1634635.86,A
33,10/29/10,71.34,3.13,126.4364194,9.265,0,39690,240044.57,A
34,10/29/10,50.78,2.718,126.4364194,10.21,0,158114,1309476.68,A
35,10/29/10,61.02,2.921,136.7375484,8.763,0,103681,1781866.98,B
36,10/29/10,76.22,2.68,210.6736944,8.476,0,39910,408891.49,A
37,10/29/10,76.22,2.716,210.6736944,8.476,0,39910,518220.72,C
38,10/29/10,61.09,3.016,126.4364194,14.313,0,39690,360857.98,C
39,10/29/10,75.14,2.716,210.6736944,8.476,0,184109,2149355.2,A
40,10/29/10,47.1,2.938,132.8708387,5.287,0,155083,1166142.85,A
41,10/29/10,42.16,2.748,190.951728,7.508,0,196321,1866681.57,A
42,10/29/10,68.76,3.13,126.4364194,9.003,0,39690,522296.71,C
43,10/29/10,65.88,2.716,203.8242258,10.21,0,41062,633520.34,C
44,10/29/10,45.12,2.841,126.4364194,7.61,0,39910,307646.5,C
45,10/29/10,61.3,2.921,182.9011166,8.724,0,118221,1182500.16,B
1,11/5/10,58.74,2.689,211.9563939,7.838,0,151315,1384209.22,A
2,11/5/10,57.85,2.689,211.6135053,8.163,0,202307,1802755.11,A
3,11/5/10,62.94,2.689,215.2765472,7.564,0,37392,348591.74,B
4,11/5/10,51.6,2.699,126.4912903,7.127,0,205863,1933333,A
5,11/5/10,58.88,2.689,212.5126051,6.768,0,34875,278031.81,B
6,11/5/10,59.9,2.689,213.4785503,7.007,0,202505,1385323.7,A
7,11/5/10,49.44,2.729,190.9964377,9.137,0,70713,465493.15,B
8,11/5/10,55.76,2.689,215.323,6.433,0,155078,830756.76,A
9,11/5/10,58.69,2.689,215.5065452,6.56,0,125833,508801.61,B
10,11/5/10,71.04,3.009,126.4912903,9.003,0,126512,1741308.56,B
11,11/5/10,64.41,2.689,215.2765472,7.564,0,207499,1195036,A
12,11/5/10,65.49,3.129,126.4912903,14.313,0,112238,955294.7,B
13,11/5/10,49.96,2.831,126.4912903,7.795,0,219622,1887895.07,A
14,11/5/10,45.65,2.917,182.9463648,8.724,0,200898,1984768.34,A
15,11/5/10,40.29,3.049,132.9245806,8.067,0,123737,598301.5,B
16,11/5/10,39.94,2.729,190.9964377,6.986,0,57197,495022.51,B
17,11/5/10,42.54,2.831,126.4912903,6.885,0,93188,861941.25,B
18,11/5/10,42.05,2.938,132.9245806,9.331,0,120653,1038576.54,B
19,11/5/10,41.78,3.049,132.9245806,8.067,0,203819,1404576.48,A
20,11/5/10,42.78,2.917,205.160837,7.484,0,203742,1891816,A
21,11/5/10,58.71,2.689,211.6135053,8.163,0,140167,731756.65,B
22,11/5/10,44.34,2.938,136.7862258,8.572,0,119557,1025766.27,B
23,11/5/10,36.6,2.938,132.9245806,5.287,0,114533,1112871.23,B
24,11/5/10,42.2,3.049,132.9245806,8.275,0,203819,1244925.94,A
25,11/5/10,38.8,2.917,205.160837,7.484,0,128107,674458.03,B
26,11/5/10,30.51,2.938,132.9245806,8.149,0,152513,895069.88,A
27,11/5/10,45.91,3.049,136.7862258,8.021,0,204184,1688955.49,A
28,11/5/10,65.49,3.129,126.4912903,14.313,0,206302,1231688.48,A
29,11/5/10,44.34,2.938,132.9245806,10.524,0,93638,527058.59,B
30,11/5/10,58.71,2.689,211.6135053,8.163,0,42988,438334.39,C
31,11/5/10,58.71,2.689,211.6135053,8.163,0,203750,1257921.28,A
32,11/5/10,49.2,2.729,190.9964377,9.137,0,203007,1115138.51,A
33,11/5/10,74.23,3.009,126.4912903,9.265,0,39690,213538.32,A
34,11/5/10,52.43,2.699,126.4912903,10.21,0,158114,926294.02,A
35,11/5/10,45.91,2.917,136.7862258,8.763,0,103681,857797.33,B
36,11/5/10,62.72,2.655,210.7202444,8.476,0,39910,392654.26,A
37,11/5/10,62.72,2.689,210.7202444,8.476,0,39910,514485.9,C
38,11/5/10,65.49,3.129,126.4912903,14.313,0,39690,341219.63,C
39,11/5/10,61.62,2.689,210.7202444,8.476,0,184109,1294769.08,A
40,11/5/10,36.45,2.938,132.9245806,5.287,0,155083,875038.84,A
41,11/5/10,46.74,2.729,190.9964377,7.508,0,196321,1144854.56,A
42,11/5/10,71.04,3.009,126.4912903,9.003,0,39690,476967.65,C
43,11/5/10,62.52,2.689,203.8713871,10.21,0,41062,610076.32,C
44,11/5/10,49.96,2.831,126.4912903,7.61,0,39910,286497.49,C
45,11/5/10,45.65,2.917,182.9463648,8.724,0,118221,732859.76,B
1,11/12/10,59.61,2.728,212.003944,7.838,0,151315,1551659.28,A
2,11/12/10,59.69,2.728,211.6608975,8.163,0,202307,1939061.41,A
3,11/12/10,62.79,2.728,215.3256258,7.564,0,37392,423175.56,B
4,11/12/10,52.65,2.741,126.5461613,7.127,0,205863,2013115.79,A
5,11/12/10,62.37,2.728,212.5604113,6.768,0,34875,325310.3,B
6,11/12/10,62.11,2.728,213.5268011,7.007,0,202505,1505442.15,A
7,11/12/10,22.12,2.737,191.0411474,9.137,0,70713,480512.44,B
8,11/12/10,54.89,2.728,215.3721,6.433,0,155078,927266.34,A
9,11/12/10,61.59,2.728,215.5557297,6.56,0,125833,517869.97,B
10,11/12/10,61.24,3.13,126.5461613,9.003,0,126512,1832211.96,B
11,11/12/10,63.74,2.728,215.3256258,7.564,0,207499,1332759.13,A
12,11/12/10,57.79,3.13,126.5461613,14.313,0,112238,929690.71,B
13,11/12/10,42.55,2.831,126.5461613,7.795,0,219622,1854967.66,A
14,11/12/10,46.14,2.931,182.9916129,8.724,0,200898,2078417.47,A
15,11/12/10,39.63,3.065,132.9783226,8.067,0,123737,612987.64,B
16,11/12/10,34.04,2.737,191.0411474,6.986,0,57197,446905.02,B
17,11/12/10,36.32,2.831,126.5461613,6.885,0,93188,818434.49,B
18,11/12/10,43.17,2.961,132.9783226,9.331,0,120653,1089530.94,B
19,11/12/10,40.3,3.065,132.9783226,8.067,0,203819,1435379.25,A
20,11/12/10,42.38,2.931,205.2098614,7.484,0,203742,2184316.64,A
21,11/12/10,60.95,2.728,211.6608975,8.163,0,140167,719888.76,B
22,11/12/10,44.42,2.961,136.8349032,8.572,0,119557,1006888.16,B
23,11/12/10,35.59,2.961,132.9783226,5.287,0,114533,1203119.96,B
24,11/12/10,41.76,3.065,132.9783226,8.275,0,203819,1285358.01,A
25,11/12/10,40.68,2.931,205.2098614,7.484,0,128107,696314.53,B
26,11/12/10,37.51,2.961,132.9783226,8.149,0,152513,970224.51,A
27,11/12/10,45.9,3.065,136.8349032,8.021,0,204184,1686010.02,A
28,11/12/10,57.79,3.13,126.5461613,14.313,0,206302,1501663.26,A
29,11/12/10,44.42,2.961,132.9783226,10.524,0,93638,521002.97,B
30,11/12/10,60.95,2.728,211.6608975,8.163,0,42988,484661.87,C
31,11/12/10,60.95,2.728,211.6608975,8.163,0,203750,1324455.72,A
32,11/12/10,42.3,2.737,191.0411474,9.137,0,203007,1063056.21,A
33,11/12/10,65.21,3.13,126.5461613,9.265,0,39690,246124.61,A
34,11/12/10,47.2,2.741,126.5461613,10.21,0,158114,972292.31,A
35,11/12/10,45.9,2.931,136.8349032,8.763,0,103681,843755.12,B
36,11/12/10,61.97,2.705,210.7667944,8.476,0,39910,405860.37,A
37,11/12/10,61.97,2.728,210.7667944,8.476,0,39910,539683.42,C
38,11/12/10,57.79,3.13,126.5461613,14.313,0,39690,380870.09,C
39,11/12/10,62.21,2.728,210.7667944,8.476,0,184109,1293707.19,A
40,11/12/10,38.5,2.961,132.9783226,5.287,0,155083,968270.66,A
41,11/12/10,38.99,2.737,191.0411474,7.508,0,196321,1163878.49,A
42,11/12/10,61.24,3.13,126.5461613,9.003,0,39690,565390.4,C
43,11/12/10,59.98,2.728,203.9185484,10.21,0,41062,605960.2,C
44,11/12/10,42.55,2.831,126.5461613,7.61,0,39910,270516.84,C
45,11/12/10,46.14,2.931,182.9916129,8.724,0,118221,764014.06,B
1,11/19/10,51.41,2.771,211.8896737,7.838,0,151315,1494479.49,A
2,11/19/10,50.81,2.771,211.5470304,8.163,0,202307,1916812.74,A
3,11/19/10,57.72,2.771,215.2074519,7.564,0,37392,386635.03,B
4,11/19/10,48.05,2.78,126.6072,7.127,0,205863,1999794.26,A
5,11/19/10,52.52,2.771,212.445487,6.768,0,34875,301827.36,B
6,11/19/10,52.99,2.771,213.4107412,7.007,0,202505,1495536.46,A
7,11/19/10,25.56,2.758,191.0312172,9.137,0,70713,507584.29,B
8,11/19/10,43.86,2.771,215.2538714,6.433,0,155078,911538.98,A
9,11/19/10,49.96,2.771,215.4372854,6.56,0,125833,520846.68,B
10,11/19/10,58.83,3.047,126.6072,9.003,0,126512,1895901.59,B
11,11/19/10,58.63,2.771,215.2074519,7.564,0,207499,1281675.6,A
12,11/19/10,58.18,3.161,126.6072,14.313,0,112238,942475.24,B
13,11/19/10,42,2.842,126.6072,7.795,0,219622,1939964.63,A
14,11/19/10,50.02,3,182.8989385,8.724,0,200898,2092189.06,A
15,11/19/10,44.1,3.138,132.9172,8.067,0,123737,619639.74,B
16,11/19/10,27.26,2.758,191.0312172,6.986,0,57197,453632.76,B
17,11/19/10,36.31,2.842,126.6072,6.885,0,93188,855459.96,B
18,11/19/10,45.26,3.03,132.9172,9.331,0,120653,1081322.12,B
19,11/19/10,44.22,3.138,132.9172,8.067,0,203819,1490235.86,A
20,11/19/10,45.88,3,205.0992811,7.484,0,203742,2187765.28,A
21,11/19/10,51.71,2.771,211.5470304,8.163,0,140167,735796.38,B
22,11/19/10,48.62,3.03,136.7715714,8.572,0,119557,1043698.64,B
23,11/19/10,41.66,3.03,132.9172,5.287,0,114533,1387953.75,B
24,11/19/10,45.63,3.138,132.9172,8.275,0,203819,1312877.01,A
25,11/19/10,42.72,3,205.0992811,7.484,0,128107,713250.08,B
26,11/19/10,36.73,3.03,132.9172,8.149,0,152513,971193.01,A
27,11/19/10,50.81,3.138,136.7715714,8.021,0,204184,1828010.25,A
28,11/19/10,58.18,3.161,126.6072,14.313,0,206302,1266460.45,A
29,11/19/10,48.62,3.03,132.9172,10.524,0,93638,524450.7,B
30,11/19/10,51.71,2.771,211.5470304,8.163,0,42988,431266.64,C
31,11/19/10,51.71,2.771,211.5470304,8.163,0,203750,1352780.76,A
32,11/19/10,36.24,2.758,191.0312172,9.137,0,203007,1141019.11,A
33,11/19/10,61.95,3.047,126.6072,9.265,0,39690,272803.94,A
34,11/19/10,40.93,2.78,126.6072,10.21,0,158114,979730.78,A
35,11/19/10,50.81,3,136.7715714,8.763,0,103681,870914.69,B
36,11/19/10,56.73,2.741,210.65429,8.476,0,39910,425804.8,A
37,11/19/10,56.73,2.771,210.65429,8.476,0,39910,517546.69,C
38,11/19/10,58.18,3.161,126.6072,14.313,0,39690,340147.2,C
39,11/19/10,55.5,2.771,210.65429,8.476,0,184109,1291398.71,A
40,11/19/10,40.52,3.03,132.9172,5.287,0,155083,935481.32,A
41,11/19/10,31.34,2.758,191.0312172,7.508,0,196321,1175326.23,A
42,11/19/10,58.83,3.047,126.6072,9.003,0,39690,588592.61,C
43,11/19/10,54.96,2.771,203.8191286,10.21,0,41062,595421.23,C
44,11/19/10,42,2.842,126.6072,7.61,0,39910,281909.79,C
45,11/19/10,50.02,3,182.8989385,8.724,0,118221,765648.93,B
1,11/26/10,64.52,2.735,211.7484333,7.838,1,151315,1483784.18,A
2,11/26/10,62.98,2.735,211.4062867,8.163,1,202307,1956739.17,A
3,11/26/10,68.71,2.735,215.0614025,7.564,1,37392,372545.32,B
4,11/26/10,48.08,2.752,126.6692667,7.127,1,205863,2097809.4,A
5,11/26/10,66.15,2.735,212.303441,6.768,1,34875,297384.81,B
6,11/26/10,65.79,2.735,213.2672961,7.007,1,202505,1518841.45,A
7,11/26/10,17.95,2.742,191.0121805,9.137,1,70713,482528.36,B
8,11/26/10,51.07,2.735,215.1077548,6.433,1,155078,885608.04,A
9,11/26/10,60.18,2.735,215.2909028,6.56,1,125833,519823.3,B
10,11/26/10,55.33,3.162,126.6692667,9.003,1,126512,1949177.13,B
11,11/26/10,69.9,2.735,215.0614025,7.564,1,207499,1292346.57,A
12,11/26/10,47.66,3.162,126.6692667,14.313,1,112238,894493.7,B
13,11/26/10,28.22,2.83,126.6692667,7.795,1,219622,1925393.91,A
14,11/26/10,46.15,3.039,182.7832769,8.724,1,200898,1968462.58,A
15,11/26/10,40.71,3.186,132.8369333,8.067,1,123737,608200.81,B
16,11/26/10,23.46,2.742,191.0121805,6.986,1,57197,458634.68,B
17,11/26/10,19.03,2.83,126.6692667,6.885,1,93188,782252.57,B
18,11/26/10,40.81,3.07,132.8369333,9.331,1,120653,1045722.37,B
19,11/26/10,42.62,3.186,132.8369333,8.067,1,203819,1377593.1,A
20,11/26/10,46.66,3.039,204.9621,7.484,1,203742,2105058.91,A
21,11/26/10,62.96,2.735,211.4062867,8.163,1,140167,756288.89,B
22,11/26/10,44.61,3.07,136.6895714,8.572,1,119557,985896.44,B
23,11/26/10,34.95,3.07,132.8369333,5.287,1,114533,1314994.32,B
24,11/26/10,41.92,3.186,132.8369333,8.275,1,203819,1277150.6,A
25,11/26/10,43.43,3.039,204.9621,7.484,1,128107,718056.73,B
26,11/26/10,28.11,3.07,132.8369333,8.149,1,152513,901972.7,A
27,11/26/10,46.67,3.186,136.6895714,8.021,1,204184,1704785.74,A
28,11/26/10,47.66,3.162,126.6692667,14.313,1,206302,1179315.72,A
29,11/26/10,44.61,3.07,132.8369333,10.524,1,93638,508174.55,B
30,11/26/10,62.96,2.735,211.4062867,8.163,1,42988,423707.69,C
31,11/26/10,62.96,2.735,211.4062867,8.163,1,203750,1359158.57,A
32,11/26/10,29.97,2.742,191.0121805,9.137,1,203007,1150729.89,A
33,11/26/10,56.87,3.162,126.6692667,9.265,1,39690,224639.76,A
34,11/26/10,41.13,2.752,126.6692667,10.21,1,158114,955766.33,A
35,11/26/10,46.67,3.039,136.6895714,8.763,1,103681,846850.35,B
36,11/26/10,67.73,2.725,210.5152765,8.476,1,39910,411615.71,A
37,11/26/10,67.73,2.735,210.5152765,8.476,1,39910,518124.16,C
38,11/26/10,47.66,3.162,126.6692667,14.313,1,39690,348593.99,C
39,11/26/10,67.75,2.735,210.5152765,8.476,1,184109,1370659.54,A
40,11/26/10,32.94,3.07,132.8369333,5.287,1,155083,852452.93,A
41,11/26/10,25.3,2.742,191.0121805,7.508,1,196321,1172155.28,A
42,11/26/10,55.33,3.162,126.6692667,9.003,1,39690,524316.21,C
43,11/26/10,54.76,2.735,203.6952786,10.21,1,41062,589467.35,C
44,11/26/10,28.22,2.83,126.6692667,7.61,1,39910,284322.52,C
45,11/26/10,46.15,3.039,182.7832769,8.724,1,118221,723987.85,B
1,12/3/10,49.27,2.708,211.607193,7.838,0,151315,1548033.78,A
2,12/3/10,49.33,2.708,211.265543,8.163,0,202307,2015781.27,A
3,12/3/10,53.76,2.708,214.9153531,7.564,0,37392,476420.77,B
4,12/3/10,46.4,2.727,126.7313333,7.127,0,205863,2102530.17,A
5,12/3/10,51.31,2.708,212.1613951,6.768,0,34875,344490.88,B
6,12/3/10,52.3,2.708,213.123851,7.007,0,202505,1677067.24,A
7,12/3/10,21.88,2.712,190.9931437,9.137,0,70713,552811.62,B
8,12/3/10,42.85,2.708,214.9616381,6.433,0,155078,952766.93,A
9,12/3/10,49.89,2.708,215.1445203,6.56,0,125833,578164.82,B
10,12/3/10,51.17,3.041,126.7313333,9.003,0,126512,2251206.64,B
11,12/3/10,55.9,2.708,214.9153531,7.564,0,207499,1380522.64,A
12,12/3/10,43.33,3.041,126.7313333,14.313,0,112238,1069533.17,B
13,12/3/10,25.8,2.812,126.7313333,7.795,0,219622,2083379.89,A
14,12/3/10,40.93,3.046,182.6676154,8.724,0,200898,2258489.63,A
15,12/3/10,36,3.2,132.7566667,8.067,0,123737,754134.95,B
16,12/3/10,23.68,2.712,190.9931437,6.986,0,57197,512260.59,B
17,12/3/10,22.47,2.812,126.7313333,6.885,0,93188,926573.81,B
18,12/3/10,37.09,3.065,132.7566667,9.331,0,120653,1211026.13,B
19,12/3/10,36.64,3.2,132.7566667,8.067,0,203819,1615987.96,A
20,12/3/10,35.47,3.046,204.8249189,7.484,0,203742,2416051.17,A
21,12/3/10,50.43,2.708,211.265543,8.163,0,140167,829210.73,B
22,12/3/10,39.42,3.065,136.6075714,8.572,0,119557,1230514.58,B
23,12/3/10,34.3,3.065,132.7566667,5.287,0,114533,1617025.41,B
24,12/3/10,37.08,3.2,132.7566667,8.275,0,203819,1413302.7,A
25,12/3/10,32.41,3.046,204.8249189,7.484,0,128107,885572.96,B
26,12/3/10,27.73,3.065,132.7566667,8.149,0,152513,1016143.64,A
27,12/3/10,41.81,3.2,136.6075714,8.021,0,204184,1884343.67,A
28,12/3/10,43.33,3.041,126.7313333,14.313,0,206302,1447916.29,A
29,12/3/10,39.42,3.065,132.7566667,10.524,0,93638,642678.53,B
30,12/3/10,50.43,2.708,211.265543,8.163,0,42988,407112.22,C
31,12/3/10,50.43,2.708,211.265543,8.163,0,203750,1338716.37,A
32,12/3/10,35.18,2.712,190.9931437,9.137,0,203007,1200892.56,A
33,12/3/10,52.82,3.041,126.7313333,9.265,0,39690,209986.25,A
34,12/3/10,34.7,2.727,126.7313333,10.21,0,158114,1001512.21,A
35,12/3/10,41.81,3.046,136.6075714,8.763,0,103681,982598.88,B
36,12/3/10,54.44,2.694,210.376263,8.476,0,39910,360266.09,A
37,12/3/10,54.44,2.708,210.376263,8.476,0,39910,508213.14,C
38,12/3/10,43.33,3.041,126.7313333,14.313,0,39690,351925.36,C
39,12/3/10,53.55,2.708,210.376263,8.476,0,184109,1431910.98,A
40,12/3/10,33.6,3.065,132.7566667,5.287,0,155083,1000582.06,A
41,12/3/10,33,2.712,190.9931437,7.508,0,196321,1220115.75,A
42,12/3/10,51.17,3.041,126.7313333,9.003,0,39690,500250.8,C
43,12/3/10,44.56,2.708,203.5714286,10.21,0,41062,557543.62,C
44,12/3/10,25.8,2.812,126.7313333,7.61,0,39910,264214.12,C
45,12/3/10,40.93,3.046,182.6676154,8.724,0,118221,879244.9,B
1,12/10/10,46.33,2.843,211.4659526,7.838,0,151315,1682614.26,A
2,12/10/10,45.5,2.843,211.1247993,8.163,0,202307,2378726.55,A
3,12/10/10,51.13,2.843,214.7693037,7.564,0,37392,467642.03,B
4,12/10/10,42.4,2.86,126.7934,7.127,0,205863,2302504.86,A
5,12/10/10,48.27,2.843,212.0193491,6.768,0,34875,352811.53,B
6,12/10/10,48.46,2.843,212.9804059,7.007,0,202505,1834737.58,A
7,12/10/10,24.24,2.728,190.9741069,9.137,0,70713,599730.07,B
8,12/10/10,42.47,2.843,214.8155214,6.433,0,155078,1069061.63,A
9,12/10/10,46.1,2.843,214.9981378,6.56,0,125833,618121.82,B
10,12/10/10,60.51,3.091,126.7934,9.003,0,126512,2411790.21,B
11,12/10/10,53.33,2.843,214.7693037,7.564,0,207499,1564516.43,A
12,12/10/10,50.01,3.203,126.7934,14.313,0,112238,1121934.15,B
13,12/10/10,36.78,2.817,126.7934,7.795,0,219622,2461468.35,A
14,12/10/10,30.54,3.109,182.5519538,8.724,0,200898,2600519.26,A
15,12/10/10,23.97,3.255,132.6764,8.067,0,123737,847294.04,B
16,12/10/10,32.02,2.728,190.9741069,6.986,0,57197,570103.64,B
17,12/10/10,31.64,2.817,126.7934,6.885,0,93188,962475.55,B
18,12/10/10,25.64,3.132,132.6764,9.331,0,120653,1416168.98,B
19,12/10/10,25.12,3.255,132.6764,8.067,0,203819,1799070.98,A
20,12/10/10,24.27,3.109,204.6877378,7.484,0,203742,2752122.08,A
21,12/10/10,46.35,2.843,211.1247993,8.163,0,140167,943891.64,B
22,12/10/10,28.43,3.132,136.5255714,8.572,0,119557,1367202.84,B
23,12/10/10,20.12,3.132,132.6764,5.287,0,114533,1872365.99,B
24,12/10/10,27.11,3.255,132.6764,8.275,0,203819,1593012.75,A
25,12/10/10,22.65,3.109,204.6877378,7.484,0,128107,964729.18,B
26,12/10/10,16.6,3.132,132.6764,8.149,0,152513,1149612.04,A
27,12/10/10,30.83,3.255,136.5255714,8.021,0,204184,2139733.68,A
28,12/10/10,50.01,3.203,126.7934,14.313,0,206302,1466164.49,A
29,12/10/10,28.43,3.132,132.6764,10.524,0,93638,713834.74,B
30,12/10/10,46.35,2.843,211.1247993,8.163,0,42988,428631.91,C
31,12/10/10,46.35,2.843,211.1247993,8.163,0,203750,1475685.1,A
32,12/10/10,36.62,2.728,190.9741069,9.137,0,203007,1377322.73,A
33,12/10/10,60.72,3.091,126.7934,9.265,0,39690,253050.1,A
34,12/10/10,41.93,2.86,126.7934,10.21,0,158114,1086661.02,A
35,12/10/10,30.83,3.109,136.5255714,8.763,0,103681,1108580.19,B
36,12/10/10,51.83,2.813,210.2372494,8.476,0,39910,404545.03,A
37,12/10/10,51.83,2.843,210.2372494,8.476,0,39910,511207.52,C
38,12/10/10,50.01,3.203,126.7934,14.313,0,39690,355965.23,C
39,12/10/10,50.81,2.843,210.2372494,8.476,0,184109,1630564.48,A
40,12/10/10,21.64,3.132,132.6764,5.287,0,155083,1111215.72,A
41,12/10/10,33.9,2.728,190.9741069,7.508,0,196321,1434908.13,A
42,12/10/10,60.51,3.091,126.7934,9.003,0,39690,585175.24,C
43,12/10/10,52.52,2.843,203.4475786,10.21,0,41062,598679.02,C
44,12/10/10,36.78,2.817,126.7934,7.61,0,39910,278253.28,C
45,12/10/10,30.54,3.109,182.5519538,8.724,0,118221,1002364.34,B
1,12/17/10,49.84,2.869,211.4053124,7.838,0,151315,1891034.93,A
2,12/17/10,47.55,2.869,211.0645458,8.163,0,202307,2609166.75,A
3,12/17/10,52.2,2.869,214.704919,7.564,0,37392,498159.39,B
4,12/17/10,46.57,2.884,126.8794839,7.127,0,205863,2740057.14,A
5,12/17/10,51.61,2.869,211.9580815,6.768,0,34875,367801.19,B
6,12/17/10,52.24,2.869,212.918049,7.007,0,202505,2090268.95,A
7,12/17/10,20.74,2.778,191.0303376,9.137,0,70713,716388.81,B
8,12/17/10,45.03,2.869,214.7510843,6.433,0,155078,1220579.55,A
9,12/17/10,49.7,2.869,214.9334937,6.56,0,125833,685243.2,B
10,12/17/10,59.15,3.125,126.8794839,9.003,0,126512,2811646.85,B
11,12/17/10,54.63,2.869,214.704919,7.564,0,207499,1843971.15,A
12,12/17/10,52.77,3.236,126.8794839,14.313,0,112238,1295605.35,B
13,12/17/10,35.21,2.842,126.8794839,7.795,0,219622,2771646.81,A
14,12/17/10,30.51,3.14,182.517732,8.724,0,200898,2762861.41,A
15,12/17/10,25.3,3.301,132.6804516,8.067,0,123737,983825.15,B
16,12/17/10,26.01,2.778,191.0303376,6.986,0,57197,648652.01,B
17,12/17/10,25.13,2.842,126.8794839,6.885,0,93188,1049372.38,B
18,12/17/10,27.4,3.139,132.6804516,9.331,0,120653,1588430.71,B
19,12/17/10,26.83,3.301,132.6804516,8.067,0,203819,1911967.44,A
20,12/17/10,24.07,3.14,204.6321194,7.484,0,203742,2819193.17,A
21,12/17/10,48.63,2.869,211.0645458,8.163,0,140167,1147556.83,B
22,12/17/10,30.46,3.139,136.5292811,8.572,0,119557,1527682.99,B
23,12/17/10,23.05,3.139,132.6804516,5.287,0,114533,2238573.48,B
24,12/17/10,27.99,3.301,132.6804516,8.275,0,203819,1663525.77,A
25,12/17/10,21.6,3.14,204.6321194,7.484,0,128107,1047707.59,B
26,12/17/10,20.61,3.139,132.6804516,8.149,0,152513,1196813.33,A
27,12/17/10,31.62,3.301,136.5292811,8.021,0,204184,2350098.36,A
28,12/17/10,52.77,3.236,126.8794839,14.313,0,206302,1510443.62,A
29,12/17/10,30.46,3.139,132.6804516,10.524,0,93638,850538.25,B
30,12/17/10,48.63,2.869,211.0645458,8.163,0,42988,445332.28,C
31,12/17/10,48.63,2.869,211.0645458,8.163,0,203750,1714667,A
32,12/17/10,36.07,2.778,191.0303376,9.137,0,203007,1557776.1,A
33,12/17/10,61.12,3.125,126.8794839,9.265,0,39690,238875.26,A
34,12/17/10,42.64,2.884,126.8794839,10.21,0,158114,1227148.13,A
35,12/17/10,31.62,3.14,136.5292811,8.763,0,103681,1314987.4,B
36,12/17/10,56.73,2.852,210.1787224,8.476,0,39910,410214.7,A
37,12/17/10,56.73,2.869,210.1787224,8.476,0,39910,534285.21,C
38,12/17/10,52.77,3.236,126.8794839,14.313,0,39690,334441.15,C
39,12/17/10,55.31,2.869,210.1787224,8.476,0,184109,1842172.46,A
40,12/17/10,23.01,3.139,132.6804516,5.287,0,155083,1179036.3,A
41,12/17/10,31.51,2.778,191.0303376,7.508,0,196321,1627904.68,A
42,12/17/10,59.15,3.125,126.8794839,9.003,0,39690,537455.65,C
43,12/17/10,56.51,2.869,203.3996521,10.21,0,41062,615761.77,C
44,12/17/10,35.21,2.842,126.8794839,7.61,0,39910,278646.35,C
45,12/17/10,30.51,3.14,182.517732,8.724,0,118221,1123282.85,B
1,12/24/10,52.33,2.886,211.4051222,7.838,0,151315,2387950.2,A
2,12/24/10,49.97,2.886,211.0646599,8.163,0,202307,3436007.68,A
3,12/24/10,57.16,2.886,214.7017828,7.564,0,37392,605990.41,B
4,12/24/10,43.21,2.887,126.9835806,7.127,0,205863,3526713.39,A
5,12/24/10,55.01,2.886,211.9573978,6.768,0,34875,466010.25,B
6,12/24/10,55.07,2.886,212.9165082,7.007,0,202505,2727575.18,A
7,12/24/10,26.04,2.781,191.1430189,9.137,0,70713,1045124.88,B
8,12/24/10,45.67,2.886,214.7479069,6.433,0,155078,1511641.09,A
9,12/24/10,50.93,2.886,214.9301534,6.56,0,125833,873347.55,B
10,12/24/10,57.06,3.236,126.9835806,9.003,0,126512,3749057.69,B
11,12/24/10,59.33,2.886,214.7017828,7.564,0,207499,2306265.36,A
12,12/24/10,52.02,3.236,126.9835806,14.313,0,112238,1768249.89,B
13,12/24/10,34.9,2.846,126.9835806,7.795,0,219622,3595903.2,A
14,12/24/10,30.59,3.141,182.54459,8.724,0,200898,3818686.45,A
15,12/24/10,25.07,3.309,132.7477419,8.067,0,123737,1368318.17,B
16,12/24/10,32.46,2.781,191.1430189,6.986,0,57197,1004730.69,B
17,12/24/10,26.58,2.846,126.9835806,6.885,0,93188,1309226.79,B
18,12/24/10,28.16,3.15,132.7477419,9.331,0,120653,2027507.15,B
19,12/24/10,26.05,3.309,132.7477419,8.067,0,203819,2678206.42,A
20,12/24/10,25.17,3.141,204.6376731,7.484,0,203742,3766687.43,A
21,12/24/10,51.29,2.886,211.0646599,8.163,0,140167,1587257.78,B
22,12/24/10,29.76,3.15,136.597273,8.572,0,119557,1962445.04,B
23,12/24/10,22.96,3.15,132.7477419,5.287,0,114533,2734277.1,B
24,12/24/10,27.74,3.309,132.7477419,8.275,0,203819,2386015.75,A
25,12/24/10,22.94,3.141,204.6376731,7.484,0,128107,1295391.19,B
26,12/24/10,21.81,3.15,132.7477419,8.149,0,152513,1573982.47,A
27,12/24/10,31.34,3.309,136.597273,8.021,0,204184,3078162.08,A
28,12/24/10,52.02,3.236,126.9835806,14.313,0,206302,2026026.39,A
29,12/24/10,29.76,3.15,132.7477419,10.524,0,93638,1130926.79,B
30,12/24/10,51.29,2.886,211.0646599,8.163,0,42988,519354.88,C
31,12/24/10,51.29,2.886,211.0646599,8.163,0,203750,2068942.97,A
32,12/24/10,30.72,2.781,191.1430189,9.137,0,203007,1949183.14,A
33,12/24/10,60.43,3.236,126.9835806,9.265,0,39690,249246.8,A
34,12/24/10,42.74,2.887,126.9835806,10.21,0,158114,1620748.25,A
35,12/24/10,31.34,3.141,136.597273,8.763,0,103681,1779236.54,B
36,12/24/10,59.1,2.863,210.1805602,8.476,0,39910,422093.59,A
37,12/24/10,59.1,2.886,210.1805602,8.476,0,39910,576809.92,C
38,12/24/10,52.02,3.236,126.9835806,14.313,0,39690,369106.72,C
39,12/24/10,58.86,2.886,210.1805602,8.476,0,184109,2495489.25,A
40,12/24/10,24.18,3.15,132.7477419,5.287,0,155083,1648829.18,A
41,12/24/10,29.81,2.781,191.1430189,7.508,0,196321,2225016.73,A
42,12/24/10,57.06,3.236,126.9835806,9.003,0,39690,555075.27,C
43,12/24/10,57.15,2.886,203.4086682,10.21,0,41062,656637.63,C
44,12/24/10,34.9,2.846,126.9835806,7.61,0,39910,365098.24,C
45,12/24/10,30.59,3.141,182.54459,8.724,0,118221,1682862.03,B
1,12/31/10,48.43,2.943,211.4049321,7.838,1,151315,1367320.01,A
2,12/31/10,47.3,2.943,211.064774,8.163,1,202307,1750434.55,A
3,12/31/10,53.2,2.943,214.6986466,7.564,1,37392,382677.76,B
4,12/31/10,38.09,2.955,127.0876774,7.127,1,205863,1794868.74,A
5,12/31/10,49.79,2.943,211.9567142,6.768,1,34875,298180.18,B
6,12/31/10,49.14,2.943,212.9149674,7.007,1,202505,1464050.02,A
7,12/31/10,13.76,2.829,191.2557002,9.137,1,70713,729572.08,B
8,12/31/10,41.47,2.943,214.7447295,6.433,1,155078,773586.49,A
9,12/31/10,45.92,2.943,214.9268131,6.56,1,125833,459770.85,B
10,12/31/10,49.67,3.148,127.0876774,9.003,1,126512,1707298.14,B
11,12/31/10,55.03,2.943,214.6986466,7.564,1,207499,1172003.1,A
12,12/31/10,45.64,3.148,127.0876774,14.313,1,112238,891736.91,B
13,12/31/10,26.79,2.868,127.0876774,7.795,1,219622,1675292,A
14,12/31/10,29.67,3.179,182.5714479,8.724,1,200898,1623716.46,A
15,12/31/10,26.54,3.336,132.8150323,8.067,1,123737,543754.17,B
16,12/31/10,19.66,2.829,191.2557002,6.986,1,57197,575317.38,B
17,12/31/10,20.79,2.868,127.0876774,6.885,1,93188,635862.55,B
18,12/31/10,26.1,3.177,132.8150323,9.331,1,120653,887907.01,B
19,12/31/10,28.65,3.336,132.8150323,8.067,1,203819,1275146.94,A
20,12/31/10,28.85,3.179,204.6432267,7.484,1,203742,1799737.79,A
21,12/31/10,47.19,2.943,211.064774,8.163,1,140167,672903.23,B
22,12/31/10,28.49,3.177,136.665265,8.572,1,119557,774262.28,B
23,12/31/10,19.05,3.177,132.8150323,5.287,1,114533,1169773.85,B
24,12/31/10,25.9,3.336,132.8150323,8.275,1,203819,1208600.05,A
25,12/31/10,25.89,3.179,204.6432267,7.484,1,128107,623092.54,B
26,12/31/10,18.73,3.177,132.8150323,8.149,1,152513,877268.29,A
27,12/31/10,29.59,3.336,136.665265,8.021,1,204184,1440963,A
28,12/31/10,45.64,3.148,127.0876774,14.313,1,206302,1090558.57,A
29,12/31/10,28.49,3.177,132.8150323,10.524,1,93638,465992.02,B
30,12/31/10,47.19,2.943,211.064774,8.163,1,42988,397631.02,C
31,12/31/10,47.19,2.943,211.064774,8.163,1,203750,1198071.6,A
32,12/31/10,27.7,2.829,191.2557002,9.137,1,203007,955463.84,A
33,12/31/10,52.91,3.148,127.0876774,9.265,1,39690,219804.85,A
34,12/31/10,34.11,2.955,127.0876774,10.21,1,158114,902109.69,A
35,12/31/10,29.59,3.179,136.665265,8.763,1,103681,576332.05,B
36,12/31/10,52.88,2.949,210.182398,8.476,1,39910,359310.65,A
37,12/31/10,52.88,2.943,210.182398,8.476,1,39910,460331.7,C
38,12/31/10,45.64,3.148,127.0876774,14.313,1,39690,303908.81,C
39,12/31/10,52.45,2.943,210.182398,8.476,1,184109,1230012.16,A
40,12/31/10,19.29,3.177,132.8150323,5.287,1,155083,811318.3,A
41,12/31/10,25.19,2.829,191.2557002,7.508,1,196321,1001790.16,A
42,12/31/10,49.67,3.148,127.0876774,9.003,1,39690,428953.6,C
43,12/31/10,48.61,2.943,203.4176843,10.21,1,41062,534740.3,C
44,12/31/10,26.79,2.868,127.0876774,7.61,1,39910,241937.11,C
45,12/31/10,29.67,3.179,182.5714479,8.724,1,118221,679156.2,B
1,1/7/11,48.27,2.976,211.4047419,7.742,0,151315,1444732.28,A
2,1/7/11,44.69,2.976,211.0648881,8.028,0,202307,1758050.79,A
3,1/7/11,53.35,2.976,214.6955104,7.551,0,37392,378241.34,B
4,1/7/11,39.34,2.98,127.1917742,6.51,0,205863,1862476.27,A
5,1/7/11,48.3,2.976,211.9560305,6.634,0,34875,286347.26,B
6,1/7/11,47.78,2.976,212.9134266,6.858,0,202505,1350441.68,A
7,1/7/11,10.09,2.882,191.3683815,8.818,0,70713,661163.94,B
8,1/7/11,35.77,2.976,214.7415521,6.262,0,155078,873065.23,A
9,1/7/11,41.82,2.976,214.9234729,6.416,0,125833,490981.78,B
10,1/7/11,43.43,3.287,127.1917742,8.744,0,126512,1714309.9,B
11,1/7/11,54.43,2.976,214.6955104,7.551,0,207499,1178905.44,A
12,1/7/11,37.64,3.287,127.1917742,14.021,0,112238,910110.24,B
13,1/7/11,16.94,2.891,127.1917742,7.47,0,219622,1744544.39,A
14,1/7/11,34.32,3.193,182.5983058,8.549,0,200898,1864746.1,A
15,1/7/11,30.53,3.351,132.8823226,7.771,0,123737,509640.77,B
16,1/7/11,12.39,2.882,191.3683815,6.614,0,57197,573545.96,B
17,1/7/11,6.23,2.891,127.1917742,6.866,0,93188,1083071.14,B
18,1/7/11,30.1,3.193,132.8823226,9.131,0,120653,933960.3,B
19,1/7/11,31.34,3.351,132.8823226,7.771,0,203819,1224175.99,A
20,1/7/11,31.43,3.193,204.6487803,7.343,0,203742,1843030.95,A
21,1/7/11,44.24,2.976,211.0648881,8.028,0,140167,629152.06,B
22,1/7/11,32.56,3.193,136.7332569,8.458,0,119557,873954.7,B
23,1/7/11,27.81,3.193,132.8823226,5.114,0,114533,1122034.48,B
24,1/7/11,30.72,3.351,132.8823226,8.252,0,203819,1178641.71,A
25,1/7/11,29,3.193,204.6487803,7.343,0,128107,558794.63,B
26,1/7/11,21.13,3.193,132.8823226,7.907,0,152513,938149.21,A
27,1/7/11,34.42,3.351,136.7332569,7.827,0,204184,1568159.48,A
28,1/7/11,37.64,3.287,127.1917742,14.021,0,206302,1402902.47,A
29,1/7/11,32.56,3.193,132.8823226,10.256,0,93638,455952.18,B
30,1/7/11,44.24,2.976,211.0648881,8.028,0,42988,451077.21,C
31,1/7/11,44.24,2.976,211.0648881,8.028,0,203750,1311986.87,A
32,1/7/11,23.78,2.882,191.3683815,8.818,0,203007,1046416.17,A
33,1/7/11,46.25,3.287,127.1917742,8.951,0,39690,243948.82,A
34,1/7/11,24.5,2.98,127.1917742,10.398,0,158114,900646.94,A
35,1/7/11,34.42,3.193,136.7332569,8.549,0,103681,649289.75,B
36,1/7/11,54.11,2.942,210.1842358,8.395,0,39910,384659.85,A
37,1/7/11,54.11,2.976,210.1842358,8.395,0,39910,542464.02,C
38,1/7/11,37.64,3.287,127.1917742,14.021,0,39690,386344.54,C
39,1/7/11,52.74,2.976,210.1842358,8.395,0,184109,1224475.12,A
40,1/7/11,24.05,3.193,132.8823226,5.114,0,155083,894280.19,A
41,1/7/11,23.76,2.882,191.3683815,7.241,0,196321,1153596.53,A
42,1/7/11,43.43,3.287,127.1917742,8.744,0,39690,592947.75,C
43,1/7/11,40.47,2.976,203.4267005,10.398,0,41062,611796.61,C
44,1/7/11,16.94,2.891,127.1917742,7.224,0,39910,288320.38,C
45,1/7/11,34.32,3.193,182.5983058,8.549,0,118221,680254.35,B
1,1/14/11,35.4,2.983,211.4574109,7.742,0,151315,1391013.96,A
2,1/14/11,33.02,2.983,211.1176713,8.028,0,202307,1744193.58,A
3,1/14/11,44.76,2.983,214.7470729,7.551,0,37392,381061.1,B
4,1/14/11,31.6,2.992,127.3009355,6.51,0,205863,1865502.46,A
5,1/14/11,37.74,2.983,212.008514,6.634,0,34875,260636.71,B
6,1/14/11,38.37,2.983,212.9655882,6.858,0,202505,1306194.55,A
7,1/14/11,11.32,2.911,191.4784939,8.818,0,70713,547384.9,B
8,1/14/11,31.62,2.983,214.7930991,6.262,0,155078,809646.66,A
9,1/14/11,36.43,2.983,214.9749587,6.416,0,125833,458086.69,B
10,1/14/11,49.98,3.312,127.3009355,8.744,0,126512,1710803.59,B
11,1/14/11,45.34,2.983,214.7470729,7.551,0,207499,1194449.78,A
12,1/14/11,43.15,3.312,127.3009355,14.021,0,112238,812011.8,B
13,1/14/11,20.6,2.903,127.3009355,7.47,0,219622,1682316.31,A
14,1/14/11,24.78,3.205,182.6585782,8.549,0,200898,1699095.9,A
15,1/14/11,19.53,3.367,132.9510645,7.771,0,123737,479424.2,B
16,1/14/11,17.46,2.911,191.4784939,6.614,0,57197,470365.59,B
17,1/14/11,16.57,2.903,127.3009355,6.866,0,93188,758510.36,B
18,1/14/11,22.69,3.215,132.9510645,9.131,0,120653,777175.28,B
19,1/14/11,21.68,3.367,132.9510645,7.771,0,203819,1181204.53,A
20,1/14/11,20.39,3.205,204.7026042,7.343,0,203742,1884345.01,A
21,1/14/11,34.14,2.983,211.1176713,8.028,0,140167,650789.13,B
22,1/14/11,24.76,3.215,136.803477,8.458,0,119557,807535.52,B
23,1/14/11,18.2,3.215,132.9510645,5.114,0,114533,1016756.1,B
24,1/14/11,22.41,3.367,132.9510645,8.252,0,203819,1167740.2,A
25,1/14/11,18.3,3.205,204.7026042,7.343,0,128107,572360.83,B
26,1/14/11,16.7,3.215,132.9510645,7.907,0,152513,812323.29,A
27,1/14/11,25.7,3.367,136.803477,7.827,0,204184,1532308.62,A
28,1/14/11,43.15,3.312,127.3009355,14.021,0,206302,1098286.61,A
29,1/14/11,24.76,3.215,132.9510645,10.256,0,93638,426905.26,B
30,1/14/11,34.14,2.983,211.1176713,8.028,0,42988,465408.72,C
31,1/14/11,34.14,2.983,211.1176713,8.028,0,203750,1350730.31,A
32,1/14/11,21.69,2.911,191.4784939,8.818,0,203007,1028206.51,A
33,1/14/11,53.63,3.312,127.3009355,8.951,0,39690,259527.75,A
34,1/14/11,30.75,2.992,127.3009355,10.398,0,158114,898610.33,A
35,1/14/11,25.7,3.205,136.803477,8.549,0,103681,687670.78,B
36,1/14/11,42.87,2.971,210.2379731,8.395,0,39910,410497.73,A
37,1/14/11,42.87,2.983,210.2379731,8.395,0,39910,525616.9,C
38,1/14/11,43.15,3.312,127.3009355,14.021,0,39690,356138.79,C
39,1/14/11,41.74,2.983,210.2379731,8.395,0,184109,1193199.39,A
40,1/14/11,18.55,3.215,132.9510645,5.114,0,155083,771315.62,A
41,1/14/11,22.44,2.911,191.4784939,7.241,0,196321,1052609.16,A
42,1/14/11,49.98,3.312,127.3009355,8.744,0,39690,613899.15,C
43,1/14/11,43.45,2.983,203.4840645,10.398,0,41062,614940.07,C
44,1/14/11,20.6,2.903,127.3009355,7.224,0,39910,292859.36,C
45,1/14/11,24.78,3.205,182.6585782,8.549,0,118221,654018.95,B
1,1/21/11,44.04,3.016,211.8272343,7.742,0,151315,1327405.42,A
2,1/21/11,41.4,3.016,211.4864691,8.028,0,202307,1751384.9,A
3,1/21/11,50.74,3.016,215.1268275,7.551,0,37392,350876.7,B
4,1/21/11,38.34,3.017,127.4404839,6.51,0,205863,1886393.94,A
5,1/21/11,45.41,3.016,212.3800012,6.634,0,34875,275313.34,B
6,1/21/11,46.2,3.016,213.3399647,6.858,0,202505,1261253.18,A
7,1/21/11,25.4,2.973,191.5731924,8.818,0,70713,521539.46,B
8,1/21/11,42.06,3.016,215.1729926,6.262,0,155078,822668.23,A
9,1/21/11,44.72,3.016,215.3554013,6.416,0,125833,454021.69,B
10,1/21/11,56.75,3.336,127.4404839,8.744,0,126512,1677556.18,B
11,1/21/11,51.51,3.016,215.1268275,7.551,0,207499,1187776.19,A
12,1/21/11,53.53,3.223,127.4404839,14.021,0,112238,802105.5,B
13,1/21/11,34.8,2.934,127.4404839,7.47,0,219622,1770177.37,A
14,1/21/11,30.55,3.229,182.9193368,8.549,0,200898,1743188.87,A
15,1/21/11,21.84,3.391,133.0285161,7.771,0,123737,487311.03,B
16,1/21/11,28.6,2.973,191.5731924,6.614,0,57197,462888.13,B
17,1/21/11,26.62,2.934,127.4404839,6.866,0,93188,755804.37,B
18,1/21/11,22.55,3.232,133.0285161,9.131,0,120653,891148.55,B
19,1/21/11,22.8,3.391,133.0285161,7.771,0,203819,1212967.84,A
20,1/21/11,27.43,3.229,205.0460497,7.343,0,203742,1781805.66,A
21,1/21/11,42.72,3.016,211.4864691,8.028,0,140167,663941.73,B
22,1/21/11,26.8,3.232,136.8870657,8.458,0,119557,855001.02,B
23,1/21/11,15.58,3.232,133.0285161,5.114,0,114533,1110706.06,B
24,1/21/11,23.69,3.391,133.0285161,8.252,0,203819,1107170.39,A
25,1/21/11,23.21,3.229,205.0460497,7.343,0,128107,568093.57,B
26,1/21/11,12.98,3.232,133.0285161,7.907,0,152513,809833.21,A
27,1/21/11,30.13,3.391,136.8870657,7.827,0,204184,1517029.9,A
28,1/21/11,53.53,3.223,127.4404839,14.021,0,206302,1079669.11,A
29,1/21/11,26.8,3.232,133.0285161,10.256,0,93638,445134.15,B
30,1/21/11,42.72,3.016,211.4864691,8.028,0,42988,439132.62,C
31,1/21/11,42.72,3.016,211.4864691,8.028,0,203750,1344167.13,A
32,1/21/11,34.54,2.973,191.5731924,8.818,0,203007,1078348.91,A
33,1/21/11,59.46,3.336,127.4404839,8.951,0,39690,244856.44,A
34,1/21/11,39.57,3.017,127.4404839,10.398,0,158114,891025.39,A
35,1/21/11,30.13,3.229,136.8870657,8.549,0,103681,659902.07,B
36,1/21/11,51.18,2.98,210.6031072,8.395,0,39910,399191.05,A
37,1/21/11,51.18,3.016,210.6031072,8.395,0,39910,526486.82,C
38,1/21/11,53.53,3.223,127.4404839,14.021,0,39690,341098.08,C
39,1/21/11,50.25,3.016,210.6031072,8.395,0,184109,1243370.74,A
40,1/21/11,14.64,3.232,133.0285161,5.114,0,155083,764014.75,A
41,1/21/11,32.7,2.973,191.5731924,7.241,0,196321,1088025.8,A
42,1/21/11,56.75,3.336,127.4404839,8.744,0,39690,533414.62,C
43,1/21/11,53.05,3.016,203.8315161,10.398,0,41062,601004.79,C
44,1/21/11,34.8,2.934,127.4404839,7.224,0,39910,276157.8,C
45,1/21/11,30.55,3.229,182.9193368,8.549,0,118221,644285.33,B
1,1/28/11,43.83,3.01,212.1970577,7.742,0,151315,1316899.31,A
2,1/28/11,42.83,3.01,211.8552668,8.028,0,202307,1695371.68,A
3,1/28/11,48.71,3.01,215.5065821,7.551,0,37392,364866.24,B
4,1/28/11,40.6,3.022,127.5800323,6.51,0,205863,1814240.85,A
5,1/28/11,44.5,3.01,212.7514884,6.634,0,34875,279088.39,B
6,1/28/11,44.98,3.01,213.7143412,6.858,0,202505,1287034.7,A
7,1/28/11,10.11,3.008,191.667891,8.818,0,70713,513372.17,B
8,1/28/11,39.26,3.01,215.5528862,6.262,0,155078,782256.66,A
9,1/28/11,43.9,3.01,215.7358438,6.416,0,125833,463561.48,B
10,1/28/11,53.03,3.231,127.5800323,8.744,0,126512,1715769.05,B
11,1/28/11,51.04,3.01,215.5065821,7.551,0,207499,1100418.69,A
12,1/28/11,50.74,3.342,127.5800323,14.021,0,112238,873119.06,B
13,1/28/11,31.64,2.96,127.5800323,7.47,0,219622,1633663.12,A
14,1/28/11,24.05,3.237,183.1800955,8.549,0,200898,1613718.38,A
15,1/28/11,19.61,3.402,133.1059677,7.771,0,123737,481119.6,B
16,1/28/11,20.8,3.008,191.667891,6.614,0,57197,448391.99,B
17,1/28/11,22.16,2.96,127.5800323,6.866,0,93188,736335.69,B
18,1/28/11,14.84,3.243,133.1059677,9.131,0,120653,849540.85,B
19,1/28/11,20.66,3.402,133.1059677,7.771,0,203819,1284185.49,A
20,1/28/11,23.21,3.237,205.3894952,7.343,0,203742,1761506.68,A
21,1/28/11,44.04,3.01,211.8552668,8.028,0,140167,649878.29,B
22,1/28/11,20.61,3.243,136.9706544,8.458,0,119557,799369.15,B
23,1/28/11,10.91,3.243,133.1059677,5.114,0,114533,1083657.61,B
24,1/28/11,17.91,3.402,133.1059677,8.252,0,203819,1126921.34,A
25,1/28/11,18.92,3.237,205.3894952,7.343,0,128107,600448.69,B
26,1/28/11,5.54,3.243,133.1059677,7.907,0,152513,817485.14,A
27,1/28/11,23.64,3.402,136.9706544,7.827,0,204184,1421111.55,A
28,1/28/11,50.74,3.342,127.5800323,14.021,0,206302,1127859.69,A
29,1/28/11,20.61,3.243,133.1059677,10.256,0,93638,410426.97,B
30,1/28/11,44.04,3.01,211.8552668,8.028,0,42988,425989.04,C
31,1/28/11,44.04,3.01,211.8552668,8.028,0,203750,1254955.68,A
32,1/28/11,34.86,3.008,191.667891,8.818,0,203007,1006814.85,A
33,1/28/11,56.62,3.231,127.5800323,8.951,0,39690,231155.9,A
34,1/28/11,34.68,3.022,127.5800323,10.398,0,158114,836717.75,A
35,1/28/11,23.64,3.237,136.9706544,8.549,0,103681,633289.78,B
36,1/28/11,48.74,2.995,210.9682412,8.395,0,39910,372174.12,A
37,1/28/11,48.74,3.01,210.9682412,8.395,0,39910,513672.36,C
38,1/28/11,50.74,3.342,127.5800323,14.021,0,39690,357557.16,C
39,1/28/11,47.94,3.01,210.9682412,8.395,0,184109,1158698.44,A
40,1/28/11,9.51,3.243,133.1059677,5.114,0,155083,775910.43,A
41,1/28/11,32.23,3.008,191.667891,7.241,0,196321,1026439.93,A
42,1/28/11,53.03,3.231,127.5800323,8.744,0,39690,499081.79,C
43,1/28/11,44.98,3.01,204.1789677,10.398,0,41062,562558.27,C
44,1/28/11,31.64,2.96,127.5800323,7.224,0,39910,276011.4,C
45,1/28/11,24.05,3.237,183.1800955,8.549,0,118221,617207.58,B
1,2/4/11,42.27,2.989,212.5668812,7.742,0,151315,1606629.58,A
2,2/4/11,38.25,2.989,212.2240646,8.028,0,202307,1929346.23,A
3,2/4/11,45.95,2.989,215.8863367,7.551,0,37392,438516.53,B
4,2/4/11,34.61,2.996,127.7195806,6.51,0,205863,2119086.04,A
5,2/4/11,41.67,2.989,213.1229755,6.634,0,34875,329613.2,B
6,2/4/11,40.59,2.989,214.0887176,6.858,0,202505,1514999.17,A
7,2/4/11,-2.06,3.011,191.7625895,8.818,0,70713,558027.77,B
8,2/4/11,24.48,2.989,215.9327797,6.262,0,155078,944594.78,A
9,2/4/11,31.82,2.989,216.1162864,6.416,0,125833,544612.28,B
10,2/4/11,44.88,3.348,127.7195806,8.744,0,126512,1968045.91,B
11,2/4/11,47.17,2.989,215.8863367,7.551,0,207499,1422546.05,A
12,2/4/11,45.14,3.348,127.7195806,14.021,0,112238,1046068.17,B
13,2/4/11,23.35,2.974,127.7195806,7.47,0,219622,1848186.58,A
14,2/4/11,28.73,3.231,183.4408542,8.549,0,200898,1995891.87,A
15,2/4/11,20.69,3.4,133.1834194,7.771,0,123737,556550.85,B
16,2/4/11,13.64,3.011,191.7625895,6.614,0,57197,479263.15,B
17,2/4/11,11.29,2.974,127.7195806,6.866,0,93188,816603.05,B
18,2/4/11,20.79,3.24,133.1834194,9.131,0,120653,1055841.24,B
19,2/4/11,21.02,3.4,133.1834194,7.771,0,203819,1370562.11,A
20,2/4/11,28.58,3.231,205.7329407,7.343,0,203742,2351143.07,A
21,2/4/11,36.33,2.989,212.2240646,8.028,0,140167,596218.24,B
22,2/4/11,26.39,3.24,137.0542431,8.458,0,119557,946060.98,B
23,2/4/11,14.5,3.24,133.1834194,5.114,0,114533,1159438.53,B
24,2/4/11,23.83,3.4,133.1834194,8.252,0,203819,1225182.04,A
25,2/4/11,23.94,3.231,205.7329407,7.343,0,128107,639830.45,B
26,2/4/11,11.17,3.24,133.1834194,7.907,0,152513,911807.02,A
27,2/4/11,28.7,3.4,137.0542431,7.827,0,204184,1628100.79,A
28,2/4/11,45.14,3.348,127.7195806,14.021,0,206302,1564897.32,A
29,2/4/11,26.39,3.24,133.1834194,10.256,0,93638,504126.89,B
30,2/4/11,36.33,2.989,212.2240646,8.028,0,42988,490970.95,C
31,2/4/11,36.33,2.989,212.2240646,8.028,0,203750,1443206.46,A
32,2/4/11,15.47,3.011,191.7625895,8.818,0,203007,1070457.8,A
33,2/4/11,49.26,3.348,127.7195806,8.951,0,39690,234218.03,A
34,2/4/11,23.82,2.996,127.7195806,10.398,0,158114,971932.87,A
35,2/4/11,28.7,3.231,137.0542431,8.549,0,103681,747577.05,B
36,2/4/11,46.68,2.98,211.3333753,8.395,0,39910,417521.7,A
37,2/4/11,46.68,2.989,211.3333753,8.395,0,39910,583835.18,C
38,2/4/11,45.14,3.348,127.7195806,14.021,0,39690,402341.76,C
39,2/4/11,45.96,2.989,211.3333753,8.395,0,184109,1343773.94,A
40,2/4/11,13.29,3.24,133.1834194,5.114,0,155083,904261.65,A
41,2/4/11,14.56,3.011,191.7625895,7.241,0,196321,1179420.5,A
42,2/4/11,44.88,3.348,127.7195806,8.744,0,39690,586886.16,C
43,2/4/11,33.21,2.989,204.5264194,10.398,0,41062,651521.77,C
44,2/4/11,23.35,2.974,127.7195806,7.224,0,39910,293953.08,C
45,2/4/11,28.73,3.231,183.4408542,8.549,0,118221,759442.33,B
1,2/11/11,36.39,3.022,212.9367046,7.742,1,151315,1649614.93,A
2,2/11/11,33.19,3.022,212.5928624,8.028,1,202307,2168041.61,A
3,2/11/11,43.57,3.022,216.2660913,7.551,1,37392,430526.21,B
4,2/11/11,33.29,3.033,127.859129,6.51,1,205863,2187847.29,A
5,2/11/11,38.25,3.022,213.4944627,6.634,1,34875,311590.54,B
6,2/11/11,39.38,3.022,214.4630941,6.858,1,202505,1486920.17,A
7,2/11/11,10.24,3.037,191.8572881,8.818,1,70713,559903.13,B
8,2/11/11,28.26,3.022,216.3126733,6.262,1,155078,996147.39,A
9,2/11/11,34.13,3.022,216.496729,6.416,1,125833,555279.02,B
10,2/11/11,51.51,3.381,127.859129,8.744,1,126512,2115408.31,B
11,2/11/11,44.61,3.022,216.2660913,7.551,1,207499,1419236.9,A
12,2/11/11,51.3,3.381,127.859129,14.021,1,112238,1086421.57,B
13,2/11/11,30.83,3.034,127.859129,7.47,1,219622,1944438.9,A
14,2/11/11,30.3,3.239,183.7016129,8.549,1,200898,1980405.03,A
15,2/11/11,21.64,3.416,133.260871,7.771,1,123737,582864.35,B
16,2/11/11,15.02,3.037,191.8572881,6.614,1,57197,466806.89,B
17,2/11/11,14.19,3.034,127.859129,6.866,1,93188,813211.46,B
18,2/11/11,24.3,3.255,133.260871,9.131,1,120653,1122053.58,B
19,2/11/11,21.79,3.416,133.260871,7.771,1,203819,1430851.11,A
20,2/11/11,25.38,3.239,206.0763862,7.343,1,203742,2211388.14,A
21,2/11/11,34.61,3.022,212.5928624,8.028,1,140167,771908.51,B
22,2/11/11,28.89,3.255,137.1378318,8.458,1,119557,1009206.33,B
23,2/11/11,21.52,3.255,133.260871,5.114,1,114533,1249786.4,B
24,2/11/11,26.51,3.416,133.260871,8.252,1,203819,1341240.62,A
25,2/11/11,21.18,3.239,206.0763862,7.343,1,128107,615666.78,B
26,2/11/11,15.12,3.255,133.260871,7.907,1,152513,1010711.08,A
27,2/11/11,30.45,3.416,137.1378318,7.827,1,204184,1636224.77,A
28,2/11/11,51.3,3.381,127.859129,14.021,1,206302,1397301.38,A
29,2/11/11,28.89,3.255,133.260871,10.256,1,93638,550387.78,B
30,2/11/11,34.61,3.022,212.5928624,8.028,1,42988,470921.24,C
31,2/11/11,34.61,3.022,212.5928624,8.028,1,203750,1539230.32,A
32,2/11/11,18.51,3.037,191.8572881,8.818,1,203007,1124357.2,A
33,2/11/11,53.35,3.381,127.859129,8.951,1,39690,276198.74,A
34,2/11/11,28.66,3.033,127.859129,10.398,1,158114,1015654.6,A
35,2/11/11,30.45,3.239,137.1378318,8.549,1,103681,859258.17,B
36,2/11/11,41.16,3.009,211.6985093,8.395,1,39910,401501.2,A
37,2/11/11,41.16,3.022,211.6985093,8.395,1,39910,522514.32,C
38,2/11/11,51.3,3.381,127.859129,14.021,1,39690,377672.46,C
39,2/11/11,40.34,3.022,211.6985093,8.395,1,184109,1227893.89,A
40,2/11/11,16.87,3.255,133.260871,5.114,1,155083,931939.52,A
41,2/11/11,16.81,3.037,191.8572881,7.241,1,196321,1150003.36,A
42,2/11/11,51.51,3.381,127.859129,8.744,1,39690,628063.88,C
43,2/11/11,40.65,3.022,204.873871,10.398,1,41062,635650.98,C
44,2/11/11,30.83,3.034,127.859129,7.224,1,39910,307486.73,C
45,2/11/11,30.3,3.239,183.7016129,8.549,1,118221,766456,B
1,2/18/11,57.36,3.045,213.2478853,7.742,0,151315,1686842.78,A
2,2/18/11,57.83,3.045,212.9033115,8.028,0,202307,2080884.82,A
3,2/18/11,61.58,3.045,216.5843571,7.551,0,37392,432782.1,B
4,2/18/11,48.17,3.058,127.99525,6.51,0,205863,2316495.56,A
5,2/18/11,58.83,3.045,213.8068304,6.634,0,34875,356622.61,B
6,2/18/11,59.61,3.045,214.7775231,6.858,0,202505,1572117.54,A
7,2/18/11,17.3,3.051,191.9178331,8.818,0,70713,572387.47,B
8,2/18/11,50.64,3.045,216.6310383,6.262,0,155078,1065108.64,A
9,2/18/11,58.5,3.045,216.8154856,6.416,0,125833,610985.56,B
10,2/18/11,61.77,3.43,127.99525,8.744,0,126512,2106934.55,B
11,2/18/11,61.5,3.045,216.5843571,7.551,0,207499,1554747.15,A
12,2/18/11,53.35,3.43,127.99525,14.021,0,112238,1128485.1,B
13,2/18/11,40.85,3.062,127.99525,7.47,0,219622,2003480.59,A
14,2/18/11,40.7,3.245,183.9371353,8.549,0,200898,2019031.67,A
15,2/18/11,33.06,3.42,133.3701429,7.771,0,123737,649993.5,B
16,2/18/11,27.18,3.051,191.9178331,6.614,0,57197,491179.79,B
17,2/18/11,26.86,3.062,127.99525,6.866,0,93188,860962.91,B
18,2/18/11,31.59,3.263,133.3701429,9.131,0,120653,1095058.57,B
19,2/18/11,34.74,3.42,133.3701429,7.771,0,203819,1457270.16,A
20,2/18/11,42.95,3.245,206.3694701,7.343,0,203742,2258616.24,A
21,2/18/11,59.87,3.045,212.9033115,8.028,0,140167,884701.92,B
22,2/18/11,35.34,3.263,137.2511849,8.458,0,119557,975964.86,B
23,2/18/11,26.6,3.263,133.3701429,5.114,0,114533,1369971.57,B
24,2/18/11,34.04,3.42,133.3701429,8.252,0,203819,1360150.12,A
25,2/18/11,38.42,3.245,206.3694701,7.343,0,128107,634637.03,B
26,2/18/11,19.63,3.263,133.3701429,7.907,0,152513,981978.02,A
27,2/18/11,39.32,3.42,137.2511849,7.827,0,204184,1709365.19,A
28,2/18/11,53.35,3.43,127.99525,14.021,0,206302,1514828.82,A
29,2/18/11,35.34,3.263,133.3701429,10.256,0,93638,542529.21,B
30,2/18/11,59.87,3.045,212.9033115,8.028,0,42988,417070.51,C
31,2/18/11,59.87,3.045,212.9033115,8.028,0,203750,1539063.91,A
32,2/18/11,42.09,3.051,191.9178331,8.818,0,203007,1183528.58,A
33,2/18/11,62.03,3.43,127.99525,8.951,0,39690,252349.6,A
34,2/18/11,45.12,3.058,127.99525,10.398,0,158114,1062629.3,A
35,2/18/11,39.32,3.245,137.2511849,8.549,0,103681,865305.88,B
36,2/18/11,57.48,3.017,212.0063522,8.395,0,39910,427175.03,A
37,2/18/11,57.48,3.045,212.0063522,8.395,0,39910,536840.69,C
38,2/18/11,53.35,3.43,127.99525,14.021,0,39690,364606.7,C
39,2/18/11,58.2,3.045,212.0063522,8.395,0,184109,1335233.74,A
40,2/18/11,21.82,3.263,133.3701429,5.114,0,155083,968694.45,A
41,2/18/11,39.39,3.051,191.9178331,7.241,0,196321,1203399.64,A
42,2/18/11,61.77,3.43,127.99525,8.744,0,39690,556485.1,C
43,2/18/11,59.15,3.045,205.1683214,10.398,0,41062,626627.77,C
44,2/18/11,40.85,3.062,127.99525,7.224,0,39910,280785.76,C
45,2/18/11,40.7,3.245,183.9371353,8.549,0,118221,802253.41,B
1,2/25/11,62.9,3.065,213.535609,7.742,0,151315,1456800.28,A
2,2/25/11,60.8,3.065,213.190421,8.028,0,202307,1833511.08,A
3,2/25/11,67.4,3.065,216.8780275,7.551,0,37392,397211.19,B
4,2/25/11,49,3.087,128.13,6.51,0,205863,2078094.69,A
5,2/25/11,63.35,3.065,214.0955503,6.634,0,34875,294659.5,B
6,2/25/11,62.86,3.065,215.0679731,6.858,0,202505,1422600.43,A
7,2/25/11,17.46,3.101,191.9647167,8.818,0,70713,546690.84,B
8,2/25/11,51.29,3.065,216.9247918,6.262,0,155078,917317.15,A
9,2/25/11,59.01,3.065,217.1095679,6.416,0,125833,513107.2,B
10,2/25/11,53.59,3.398,128.13,8.744,0,126512,1967996.71,B
11,2/25/11,68.74,3.065,216.8780275,7.551,0,207499,1323999.36,A
12,2/25/11,48.45,3.53,128.13,14.021,0,112238,1046203.72,B
13,2/25/11,33.17,3.12,128.13,7.47,0,219622,1831933.95,A
14,2/25/11,35.78,3.274,184.1625632,8.549,0,200898,1875708.88,A
15,2/25/11,20.87,3.452,133.4921429,7.771,0,123737,547564.09,B
16,2/25/11,26.15,3.101,191.9647167,6.614,0,57197,475201.64,B
17,2/25/11,24.36,3.12,128.13,6.866,0,93188,767256.53,B
18,2/25/11,26.15,3.281,133.4921429,9.131,0,120653,1005983.31,B
19,2/25/11,23.24,3.452,133.4921429,7.771,0,203819,1296658.47,A
20,2/25/11,33.2,3.274,206.6424093,7.343,0,203742,1938608.52,A
21,2/25/11,61.27,3.065,213.190421,8.028,0,140167,768313.85,B
22,2/25/11,30.23,3.281,137.3764439,8.458,0,119557,911245.43,B
23,2/25/11,17,3.281,133.4921429,5.114,0,114533,1206917.2,B
24,2/25/11,26.09,3.452,133.4921429,8.252,0,203819,1235121.33,A
25,2/25/11,28.36,3.274,206.6424093,7.343,0,128107,570816.34,B
26,2/25/11,16.3,3.281,133.4921429,7.907,0,152513,910298.44,A
27,2/25/11,33.05,3.452,137.3764439,7.827,0,204184,1688935.71,A
28,2/25/11,48.45,3.53,128.13,14.021,0,206302,1311796.91,A
29,2/25/11,30.23,3.281,133.4921429,10.256,0,93638,483660.15,B
30,2/25/11,61.27,3.065,213.190421,8.028,0,42988,432687.97,C
31,2/25/11,61.27,3.065,213.190421,8.028,0,203750,1365678.22,A
32,2/25/11,33,3.101,191.9647167,8.818,0,203007,1054754.67,A
33,2/25/11,54.89,3.398,128.13,8.951,0,39690,242901.21,A
34,2/25/11,44.57,3.087,128.13,10.398,0,158114,953331.45,A
35,2/25/11,33.05,3.274,137.3764439,8.549,0,103681,841129.26,B
36,2/25/11,67.73,3.053,212.2912786,8.395,0,39910,380279.44,A
37,2/25/11,67.73,3.065,212.2912786,8.395,0,39910,514758.19,C
38,2/25/11,48.45,3.53,128.13,14.021,0,39690,354232.34,C
39,2/25/11,67.77,3.065,212.2912786,8.395,0,184109,1240921.19,A
40,2/25/11,16.5,3.281,133.4921429,5.114,0,155083,888869.27,A
41,2/25/11,26.1,3.101,191.9647167,7.241,0,196321,1099714.93,A
42,2/25/11,53.59,3.398,128.13,8.744,0,39690,526904.08,C
43,2/25/11,58.37,3.065,205.4415714,10.398,0,41062,592340.01,C
44,2/25/11,33.17,3.12,128.13,7.224,0,39910,279427.93,C
45,2/25/11,35.78,3.274,184.1625632,8.549,0,118221,733716.78,B
1,3/4/11,59.58,3.288,213.8233327,7.742,0,151315,1636263.41,A
2,3/4/11,57.77,3.288,213.4775305,8.028,0,202307,1981607.78,A
3,3/4/11,65.11,3.288,217.1716979,7.551,0,37392,437084.51,B
4,3/4/11,46.56,3.305,128.26475,6.51,0,205863,2103455.75,A
5,3/4/11,60.35,3.288,214.3842702,6.634,0,34875,329033.66,B
6,3/4/11,60.45,3.288,215.3584231,6.858,0,202505,1502617.99,A
7,3/4/11,21.84,3.232,192.0116004,8.818,0,70713,551378.39,B
8,3/4/11,53.18,3.288,217.2185454,6.262,0,155078,935266.43,A
9,3/4/11,60.67,3.288,217.4036503,6.416,0,125833,542016.18,B
10,3/4/11,56.96,3.674,128.26475,8.744,0,126512,1958003.19,B
11,3/4/11,66.5,3.288,217.1716979,7.551,0,207499,1399456.99,A
12,3/4/11,51.72,3.674,128.26475,14.021,0,112238,1085248.21,B
13,3/4/11,34.23,3.23,128.26475,7.47,0,219622,1894960.68,A
14,3/4/11,38.65,3.433,184.3879911,8.549,0,200898,2041215.61,A
15,3/4/11,28.16,3.605,133.6141429,7.771,0,123737,573374.49,B
16,3/4/11,31.77,3.232,192.0116004,6.614,0,57197,484829.07,B
17,3/4/11,24.21,3.23,128.26475,6.866,0,93188,816138.33,B
18,3/4/11,28.49,3.437,133.6141429,9.131,0,120653,1063310.62,B
19,3/4/11,29.28,3.605,133.6141429,7.771,0,203819,1433569.44,A
20,3/4/11,37.33,3.433,206.9153485,7.343,0,203742,2143424.61,A
21,3/4/11,59.52,3.288,213.4775305,8.028,0,140167,796277.72,B
22,3/4/11,33.52,3.437,137.5017028,8.458,0,119557,997353.15,B
23,3/4/11,20.67,3.437,133.6141429,5.114,0,114533,1301185.28,B
24,3/4/11,31.36,3.605,133.6141429,8.252,0,203819,1346994.53,A
25,3/4/11,31.59,3.433,206.9153485,7.343,0,128107,640912.18,B
26,3/4/11,14.31,3.437,133.6141429,7.907,0,152513,945643.17,A
27,3/4/11,36.99,3.605,137.5017028,7.827,0,204184,1656130.67,A
28,3/4/11,51.72,3.674,128.26475,14.021,0,206302,1723736.91,A
29,3/4/11,33.52,3.437,133.6141429,10.256,0,93638,536031.67,B
30,3/4/11,59.52,3.288,213.4775305,8.028,0,42988,443334.71,C
31,3/4/11,59.52,3.288,213.4775305,8.028,0,203750,1412721.18,A
32,3/4/11,39.17,3.232,192.0116004,8.818,0,203007,1106847.62,A
33,3/4/11,59.51,3.674,128.26475,8.951,0,39690,245435.8,A
34,3/4/11,46.21,3.305,128.26475,10.398,0,158114,963910.81,A
35,3/4/11,36.99,3.433,137.5017028,8.549,0,103681,850448.54,B
36,3/4/11,64.55,3.282,212.576205,8.395,0,39910,402579.84,A
37,3/4/11,64.55,3.288,212.576205,8.395,0,39910,527572.25,C
38,3/4/11,51.72,3.674,128.26475,14.021,0,39690,405429.43,C
39,3/4/11,63.56,3.288,212.576205,8.395,0,184109,1316385.43,A
40,3/4/11,18.49,3.437,133.6141429,5.114,0,155083,977070.62,A
41,3/4/11,34.99,3.232,192.0116004,7.241,0,196321,1229257.7,A
42,3/4/11,56.96,3.674,128.26475,8.744,0,39690,570879.04,C
43,3/4/11,60.26,3.288,205.7148214,10.398,0,41062,616345.25,C
44,3/4/11,34.23,3.23,128.26475,7.224,0,39910,293984.54,C
45,3/4/11,38.65,3.433,184.3879911,8.549,0,118221,761880.36,B
1,3/11/11,53.56,3.459,214.1110564,7.742,0,151315,1553191.63,A
2,3/11/11,52.7,3.459,213.7646401,8.028,0,202307,1879107.31,A
3,3/11/11,61.29,3.459,217.4653683,7.551,0,37392,404753.3,B
4,3/11/11,50.93,3.461,128.3995,6.51,0,205863,2039818.41,A
5,3/11/11,55.74,3.459,214.6729901,6.634,0,34875,293098.1,B
6,3/11/11,57.71,3.459,215.6488731,6.858,0,202505,1494497.39,A
7,3/11/11,20.7,3.372,192.058484,8.818,0,70713,558963.83,B
8,3/11/11,49.14,3.459,217.512299,6.262,0,155078,900387.29,A
9,3/11/11,54.75,3.459,217.6977326,6.416,0,125833,517783.5,B
10,3/11/11,64.22,3.63,128.3995,8.744,0,126512,1933469.15,B
11,3/11/11,63.29,3.459,217.4653683,7.551,0,207499,1314557.31,A
12,3/11/11,57.75,3.818,128.3995,14.021,0,112238,997672.62,B
13,3/11/11,41.28,3.346,128.3995,7.47,0,219622,1852432.58,A
14,3/11/11,45.01,3.582,184.613419,8.549,0,200898,1931104.67,A
15,3/11/11,34.27,3.752,133.7361429,7.771,0,123737,537035.28,B
16,3/11/11,29.36,3.372,192.058484,6.614,0,57197,457504.35,B
17,3/11/11,32.42,3.346,128.3995,6.866,0,93188,779602.36,B
18,3/11/11,38.4,3.6,133.7361429,9.131,0,120653,1002714.25,B
19,3/11/11,35.59,3.752,133.7361429,7.771,0,203819,1351450.43,A
20,3/11/11,39.53,3.582,207.1882876,7.343,0,203742,1990932.77,A
21,3/11/11,54.69,3.459,213.7646401,8.028,0,140167,763479.9,B
22,3/11/11,41.42,3.6,137.6269617,8.458,0,119557,944587.23,B
23,3/11/11,29.36,3.6,133.7361429,5.114,0,114533,1042043.55,B
24,3/11/11,39.51,3.752,133.7361429,8.252,0,203819,1253218.7,A
25,3/11/11,36.73,3.582,207.1882876,7.343,0,128107,599828.39,B
26,3/11/11,28.13,3.6,133.7361429,7.907,0,152513,946614.55,A
27,3/11/11,43.64,3.752,137.6269617,7.827,0,204184,1613259.77,A
28,3/11/11,57.75,3.818,128.3995,14.021,0,206302,1380836.35,A
29,3/11/11,41.42,3.6,133.7361429,10.256,0,93638,493430.45,B
30,3/11/11,54.69,3.459,213.7646401,8.028,0,42988,438529.81,C
31,3/11/11,54.69,3.459,213.7646401,8.028,0,203750,1405572.93,A
32,3/11/11,36.51,3.372,192.058484,8.818,0,203007,1101458.21,A
33,3/11/11,66.51,3.63,128.3995,8.951,0,39690,270921.44,A
34,3/11/11,45.87,3.461,128.3995,10.398,0,158114,943951.67,A
35,3/11/11,43.64,3.582,137.6269617,8.549,0,103681,830601.39,B
36,3/11/11,59.15,3.448,212.8611313,8.395,0,39910,407506.78,A
37,3/11/11,59.15,3.459,212.8611313,8.395,0,39910,505610.4,C
38,3/11/11,57.75,3.818,128.3995,14.021,0,39690,357897.18,C
39,3/11/11,58.35,3.459,212.8611313,8.395,0,184109,1283716.81,A
40,3/11/11,30.53,3.6,133.7361429,5.114,0,155083,860255.58,A
41,3/11/11,31.6,3.372,192.058484,7.241,0,196321,1159089.6,A
42,3/11/11,64.22,3.63,128.3995,8.744,0,39690,607294.56,C
43,3/11/11,60.24,3.459,205.9880714,10.398,0,41062,629026.75,C
44,3/11/11,41.28,3.346,128.3995,7.224,0,39910,284496.14,C
45,3/11/11,45.01,3.582,184.613419,8.549,0,118221,714014.73,B
1,3/18/11,62.76,3.488,214.3627114,7.742,0,151315,1576818.06,A
2,3/18/11,62.32,3.488,214.0156238,8.028,0,202307,1902557.66,A
3,3/18/11,69.47,3.488,217.7235226,7.551,0,37392,392109.51,B
4,3/18/11,51.86,3.495,128.5121935,6.51,0,205863,2116475.38,A
5,3/18/11,64.31,3.488,214.9257339,6.634,0,34875,312177.67,B
6,3/18/11,65.07,3.488,215.9035078,6.858,0,202505,1685375.47,A
7,3/18/11,27.69,3.406,192.1237981,8.818,0,70713,635014.69,B
8,3/18/11,56.68,3.488,217.7705442,6.262,0,155078,898289.14,A
9,3/18/11,63.82,3.488,217.9563371,6.416,0,125833,515226.11,B
10,3/18/11,70.12,3.892,128.5121935,8.744,0,126512,1884734.31,B
11,3/18/11,70.17,3.488,217.7235226,7.551,0,207499,1391813.69,A
12,3/18/11,64.21,3.692,128.5121935,14.021,0,112238,1009502.01,B
13,3/18/11,44.69,3.407,128.5121935,7.47,0,219622,1852443.78,A
14,3/18/11,46.66,3.631,184.809719,8.549,0,200898,1932491.42,A
15,3/18/11,40.23,3.796,133.8492258,7.771,0,123737,551553.99,B
16,3/18/11,36.5,3.406,192.1237981,6.614,0,57197,497373.49,B
17,3/18/11,34.48,3.407,128.5121935,6.866,0,93188,778436.81,B
18,3/18/11,41.12,3.634,133.8492258,9.131,0,120653,945889.59,B
19,3/18/11,40.32,3.796,133.8492258,7.771,0,203819,1257972.37,A
20,3/18/11,44.8,3.631,207.4283845,7.343,0,203742,1931668.64,A
21,3/18/11,63.26,3.488,214.0156238,8.028,0,140167,793569,B
22,3/18/11,43.38,3.634,137.7398929,8.458,0,119557,926427.12,B
23,3/18/11,37.28,3.634,133.8492258,5.114,0,114533,1203682.62,B
24,3/18/11,43.39,3.796,133.8492258,8.252,0,203819,1168397.26,A
25,3/18/11,40.94,3.631,207.4283845,7.343,0,128107,603393.64,B
26,3/18/11,31.76,3.634,133.8492258,7.907,0,152513,887426.12,A
27,3/18/11,46.65,3.796,137.7398929,7.827,0,204184,1624539.21,A
28,3/18/11,64.21,3.692,128.5121935,14.021,0,206302,1286413.71,A
29,3/18/11,43.38,3.634,133.8492258,10.256,0,93638,493653.43,B
30,3/18/11,63.26,3.488,214.0156238,8.028,0,42988,425470.84,C
31,3/18/11,63.26,3.488,214.0156238,8.028,0,203750,1425559.02,A
32,3/18/11,45.25,3.406,192.1237981,8.818,0,203007,1100765.5,A
33,3/18/11,72.72,3.892,128.5121935,8.951,0,39690,247234.47,A
34,3/18/11,55.58,3.495,128.5121935,10.398,0,158114,1014218.8,A
35,3/18/11,46.65,3.631,137.7398929,8.549,0,103681,800662.82,B
36,3/18/11,64.9,3.487,213.1096787,8.395,0,39910,431412.22,A
37,3/18/11,64.9,3.488,213.1096787,8.395,0,39910,478503.06,C
38,3/18/11,64.21,3.692,128.5121935,14.021,0,39690,349459.95,C
39,3/18/11,65.28,3.488,213.1096787,8.395,0,184109,1348410.05,A
40,3/18/11,35.76,3.634,133.8492258,5.114,0,155083,871024.26,A
41,3/18/11,40.19,3.406,192.1237981,7.241,0,196321,1115504.26,A
42,3/18/11,70.12,3.892,128.5121935,8.744,0,39690,558239.32,C
43,3/18/11,68.98,3.488,206.225924,10.398,0,41062,635171.05,C
44,3/18/11,44.69,3.407,128.5121935,7.224,0,39910,281699.68,C
45,3/18/11,46.66,3.631,184.809719,8.549,0,118221,733564.77,B
1,3/25/11,69.97,3.473,214.5999389,7.742,0,151315,1541102.38,A
2,3/25/11,69.42,3.473,214.2521573,8.028,0,202307,1766162.05,A
3,3/25/11,72.94,3.473,217.9674705,7.551,0,37392,380683.67,B
4,3/25/11,59.1,3.48,128.6160645,6.51,0,205863,1944164.32,A
5,3/25/11,70.71,3.473,215.1640872,6.634,0,34875,294732.5,B
6,3/25/11,70.83,3.473,216.1438163,6.858,0,202505,1438465.81,A
7,3/25/11,25.69,3.414,192.1964844,8.818,0,70713,559061.58,B
8,3/25/11,59.74,3.473,218.0145862,6.262,0,155078,827968.36,A
9,3/25/11,68.79,3.473,218.2007506,6.416,0,125833,497488.4,B
10,3/25/11,62.53,3.716,128.6160645,8.744,0,126512,1815798.85,B
11,3/25/11,73.74,3.473,217.9674705,7.551,0,207499,1229777.24,A
12,3/25/11,54.4,3.909,128.6160645,14.021,0,112238,954107.32,B
13,3/25/11,42.38,3.435,128.6160645,7.47,0,219622,1807545.43,A
14,3/25/11,41.76,3.625,184.9943679,8.549,0,200898,1879451.23,A
15,3/25/11,32.63,3.789,133.9587419,7.771,0,123737,527389.28,B
16,3/25/11,32.61,3.414,192.1964844,6.614,0,57197,465279.68,B
17,3/25/11,36.71,3.435,128.6160645,6.866,0,93188,781267.76,B
18,3/25/11,36.65,3.624,133.9587419,9.131,0,120653,944523.3,B
19,3/25/11,33.26,3.789,133.9587419,7.771,0,203819,1266564.94,A
20,3/25/11,44.83,3.625,207.6553444,7.343,0,203742,1824711.21,A
21,3/25/11,70.33,3.473,214.2521573,8.028,0,140167,753711.32,B
22,3/25/11,38.77,3.624,137.8478929,8.458,0,119557,933528.39,B
23,3/25/11,29.11,3.624,133.9587419,5.114,0,114533,1148624.83,B
24,3/25/11,36.88,3.789,133.9587419,8.252,0,203819,1158693.12,A
25,3/25/11,38.51,3.625,207.6553444,7.343,0,128107,616324.24,B
26,3/25/11,22.99,3.624,133.9587419,7.907,0,152513,866566.54,A
27,3/25/11,40.11,3.789,137.8478929,7.827,0,204184,1554651.08,A
28,3/25/11,54.4,3.909,128.6160645,14.021,0,206302,1201059.72,A
29,3/25/11,38.77,3.624,133.9587419,10.256,0,93638,478773.05,B
30,3/25/11,70.33,3.473,214.2521573,8.028,0,42988,431754.01,C
31,3/25/11,70.33,3.473,214.2521573,8.028,0,203750,1357036.1,A
32,3/25/11,46.7,3.414,192.1964844,8.818,0,203007,1068719.22,A
33,3/25/11,63.34,3.716,128.6160645,8.951,0,39690,238084.08,A
34,3/25/11,53.11,3.48,128.6160645,10.398,0,158114,922898.38,A
35,3/25/11,40.11,3.625,137.8478929,8.549,0,103681,762184.1,B
36,3/25/11,71.07,3.488,213.3436744,8.395,0,39910,390732.02,A
37,3/25/11,71.07,3.473,213.3436744,8.395,0,39910,522105.93,C
38,3/25/11,54.4,3.909,128.6160645,14.021,0,39690,351541.62,C
39,3/25/11,71.17,3.473,213.3436744,8.395,0,184109,1284334.79,A
40,3/25/11,28.89,3.624,133.9587419,5.114,0,155083,834621.39,A
41,3/25/11,41.11,3.414,192.1964844,7.241,0,196321,1140578.16,A
42,3/25/11,62.53,3.716,128.6160645,8.744,0,39690,522673.62,C
43,3/25/11,65.53,3.473,206.4496175,10.398,0,41062,585989.1,C
44,3/25/11,42.38,3.435,128.6160645,7.224,0,39910,285031.81,C
45,3/25/11,41.76,3.625,184.9943679,8.549,0,118221,719737.25,B
1,4/1/11,59.17,3.524,214.8371664,7.682,0,151315,1495064.75,A
2,4/1/11,55.43,3.524,214.4886908,7.931,0,202307,1800171.36,A
3,4/1/11,68.76,3.524,218.2114184,7.574,0,37392,374556.08,B
4,4/1/11,56.99,3.521,128.7199355,5.946,0,205863,1900246.47,A
5,4/1/11,61.5,3.524,215.4024406,6.489,0,34875,314316.55,B
6,4/1/11,62.25,3.524,216.3841249,6.855,0,202505,1459276.77,A
7,4/1/11,24.83,3.461,192.2691707,8.595,0,70713,513409.67,B
8,4/1/11,49.86,3.524,218.2586281,6.297,0,155078,878762.3,A
9,4/1/11,56.12,3.524,218.445164,6.38,0,125833,520962.14,B
10,4/1/11,67.64,3.772,128.7199355,8.494,0,126512,1827733.18,B
11,4/1/11,69.1,3.524,218.2114184,7.574,0,207499,1258674.12,A
12,4/1/11,63.63,3.772,128.7199355,13.736,0,112238,1005463.49,B
13,4/1/11,42.49,3.487,128.7199355,7.193,0,219622,1864238.64,A
14,4/1/11,37.27,3.638,185.1790167,8.521,0,200898,1869110.55,A
15,4/1/11,30.34,3.811,134.0682581,7.658,0,123737,542556.05,B
16,4/1/11,35.75,3.461,192.2691707,6.339,0,57197,459756.11,B
17,4/1/11,39.38,3.487,128.7199355,6.774,0,93188,795859.23,B
18,4/1/11,35.06,3.638,134.0682581,8.975,0,120653,938083.17,B
19,4/1/11,30.68,3.811,134.0682581,7.658,0,203819,1305950.22,A
20,4/1/11,32.43,3.638,207.8823043,7.287,0,203742,1927993.09,A
21,4/1/11,56.36,3.524,214.4886908,7.931,0,140167,732056.37,B
22,4/1/11,36.04,3.638,137.9558929,8.252,0,119557,951588.37,B
23,4/1/11,29.44,3.638,134.0682581,4.781,0,114533,1182694.95,B
24,4/1/11,35.73,3.811,134.0682581,8.212,0,203819,1163803.3,A
25,4/1/11,28.5,3.638,207.8823043,7.287,0,128107,618377.79,B
26,4/1/11,22.99,3.638,134.0682581,7.818,0,152513,849231.61,A
27,4/1/11,37.27,3.811,137.9558929,7.725,0,204184,1628868.28,A
28,4/1/11,63.63,3.772,128.7199355,13.736,0,206302,1336838.41,A
29,4/1/11,36.04,3.638,134.0682581,9.966,0,93638,475615.26,B
30,4/1/11,56.36,3.524,214.4886908,7.931,0,42988,437926.79,C
31,4/1/11,56.36,3.524,214.4886908,7.931,0,203750,1344890.73,A
32,4/1/11,44.83,3.461,192.2691707,8.595,0,203007,1051121.02,A
33,4/1/11,71.41,3.772,128.7199355,8.687,0,39690,232769.09,A
34,4/1/11,55.46,3.521,128.7199355,10.581,0,158114,884233.67,A
35,4/1/11,37.27,3.638,137.9558929,8.512,0,103681,762620.94,B
36,4/1/11,67.31,3.529,213.5776701,8.3,0,39910,385672.11,A
37,4/1/11,67.31,3.524,213.5776701,8.3,0,39910,534578.78,C
38,4/1/11,63.63,3.772,128.7199355,13.736,0,39690,382098.13,C
39,4/1/11,66.57,3.524,213.5776701,8.3,0,184109,1316849.36,A
40,4/1/11,28.6,3.638,134.0682581,4.781,0,155083,841889.08,A
41,4/1/11,38.16,3.461,192.2691707,6.934,0,196321,1179125.48,A
42,4/1/11,67.64,3.772,128.7199355,8.494,0,39690,508432.17,C
43,4/1/11,67.79,3.524,206.6733111,10.581,0,41062,611585.54,C
44,4/1/11,42.49,3.487,128.7199355,6.906,0,39910,281514.26,C
45,4/1/11,37.27,3.638,185.1790167,8.521,0,118221,712425.76,B
1,4/8/11,67.84,3.622,215.0743939,7.682,0,151315,1614259.35,A
2,4/8/11,67,3.622,214.7252242,7.931,0,202307,1847552.61,A
3,4/8/11,72.55,3.622,218.4553663,7.574,0,37392,384075.31,B
4,4/8/11,62.61,3.605,128.8238065,5.946,0,205863,2074953.46,A
5,4/8/11,69.64,3.622,215.6407939,6.489,0,34875,307333.62,B
6,4/8/11,70.35,3.622,216.6244334,6.855,0,202505,1534594,A
7,4/8/11,30.64,3.532,192.3418571,8.595,0,70713,500552.16,B
8,4/8/11,65.62,3.622,218.50267,6.297,0,155078,949825.83,A
9,4/8/11,71.4,3.622,218.6895775,6.38,0,125833,561625.92,B
10,4/8/11,73.03,3.818,128.8238065,8.494,0,126512,1870720.73,B
11,4/8/11,73.57,3.622,218.4553663,7.574,0,207499,1327401.06,A
12,4/8/11,64.47,4.003,128.8238065,13.736,0,112238,998362.05,B
13,4/8/11,42.75,3.547,128.8238065,7.193,0,219622,1887465.04,A
14,4/8/11,48.71,3.72,185.3636656,8.521,0,200898,2037798.88,A
15,4/8/11,40.94,3.895,134.1777742,7.658,0,123737,587370.81,B
16,4/8/11,38.04,3.532,192.3418571,6.339,0,57197,439276.5,B
17,4/8/11,39.16,3.547,128.8238065,6.774,0,93188,811855.72,B
18,4/8/11,43.32,3.72,134.1777742,8.975,0,120653,1018541.3,B
19,4/8/11,41.26,3.895,134.1777742,7.658,0,203819,1419911.91,A
20,4/8/11,47.09,3.72,208.1092642,7.287,0,203742,2027056.39,A
21,4/8/11,68.62,3.622,214.7252242,7.931,0,140167,744782.89,B
22,4/8/11,44.42,3.72,138.0638929,8.252,0,119557,969046.69,B
23,4/8/11,36.74,3.72,134.1777742,4.781,0,114533,1248901.98,B
24,4/8/11,44.7,3.895,134.1777742,8.212,0,203819,1273670.32,A
25,4/8/11,42.11,3.72,208.1092642,7.287,0,128107,648606.13,B
26,4/8/11,29.09,3.72,134.1777742,7.818,0,152513,985229.81,A
27,4/8/11,46.87,3.895,138.0638929,7.725,0,204184,1689844.18,A
28,4/8/11,64.47,4.003,128.8238065,13.736,0,206302,1414713.5,A
29,4/8/11,44.42,3.72,134.1777742,9.966,0,93638,505304.33,B
30,4/8/11,68.62,3.622,214.7252242,7.931,0,42988,443889.5,C
31,4/8/11,68.62,3.622,214.7252242,7.931,0,203750,1416790.17,A
32,4/8/11,48.81,3.532,192.3418571,8.595,0,203007,1102975.59,A
33,4/8/11,75.11,3.818,128.8238065,8.687,0,39690,271924.73,A
34,4/8/11,58.59,3.605,128.8238065,10.581,0,158114,975479.83,A
35,4/8/11,46.87,3.72,138.0638929,8.512,0,103681,813352.41,B
36,4/8/11,69.39,3.645,213.8116658,8.3,0,39910,428727.61,A
37,4/8/11,69.39,3.622,213.8116658,8.3,0,39910,543703.16,C
38,4/8/11,64.47,4.003,128.8238065,13.736,0,39690,392152.3,C
39,4/8/11,69.45,3.622,213.8116658,8.3,0,184109,1350646.16,A
40,4/8/11,34.77,3.72,134.1777742,4.781,0,155083,947753.32,A
41,4/8/11,42.87,3.532,192.3418571,6.934,0,196321,1206252.12,A
42,4/8/11,73.03,3.818,128.8238065,8.494,0,39690,620087.35,C
43,4/8/11,70.35,3.622,206.8970046,10.581,0,41062,650418.75,C
44,4/8/11,42.75,3.547,128.8238065,6.906,0,39910,292498.61,C
45,4/8/11,48.71,3.72,185.3636656,8.521,0,118221,750182.71,B
1,4/15/11,71.27,3.743,215.2918561,7.682,0,151315,1559889,A
2,4/15/11,69.48,3.743,214.9420631,7.931,0,202307,1856467.84,A
3,4/15/11,75.88,3.743,218.6788642,7.574,0,37392,366250.69,B
4,4/15/11,62.34,3.724,128.9107333,5.946,0,205863,1960587.76,A
5,4/15/11,72.02,3.743,215.8592673,6.489,0,34875,307913.58,B
6,4/15/11,73.17,3.743,216.8446627,6.855,0,202505,1448797.02,A
7,4/15/11,27.79,3.611,192.4225954,8.595,0,70713,423380.14,B
8,4/15/11,63.55,3.743,218.7262524,6.297,0,155078,908278.74,A
9,4/15/11,71.9,3.743,218.9134935,6.38,0,125833,528420.28,B
10,4/15/11,61.05,4.089,128.9107333,8.494,0,126512,1781767.22,B
11,4/15/11,76.64,3.743,218.6788642,7.574,0,207499,1312905.8,A
12,4/15/11,57.63,3.868,128.9107333,13.736,0,112238,990951.77,B
13,4/15/11,41.72,3.616,128.9107333,7.193,0,219622,1950994.04,A
14,4/15/11,53.69,3.821,185.5339821,8.521,0,200898,1974960.86,A
15,4/15/11,48.63,3.981,134.2784667,7.658,0,123737,607691.36,B
16,4/15/11,34.59,3.611,192.4225954,6.339,0,57197,427855.24,B
17,4/15/11,39.98,3.616,128.9107333,6.774,0,93188,825283.43,B
18,4/15/11,49.91,3.823,134.2784667,8.975,0,120653,988157.72,B
19,4/15/11,48.67,3.981,134.2784667,7.658,0,203819,1392093.04,A
20,4/15/11,55,3.821,208.3172811,7.287,0,203742,2057406.33,A
21,4/15/11,71.01,3.743,214.9420631,7.931,0,140167,768390.05,B
22,4/15/11,48.88,3.823,138.1646952,8.252,0,119557,1008557.04,B
23,4/15/11,45.51,3.823,134.2784667,4.781,0,114533,1263680.51,B
24,4/15/11,52.36,3.981,134.2784667,8.212,0,203819,1245576.65,A
25,4/15/11,51.43,3.821,208.3172811,7.287,0,128107,674562.45,B
26,4/15/11,39.46,3.823,134.2784667,7.818,0,152513,863266.12,A
27,4/15/11,52.24,3.981,138.1646952,7.725,0,204184,1727175.61,A
28,4/15/11,57.63,3.868,128.9107333,13.736,0,206302,1240126.07,A
29,4/15/11,48.88,3.823,134.2784667,9.966,0,93638,518245.97,B
30,4/15/11,71.01,3.743,214.9420631,7.931,0,42988,426666.92,C
31,4/15/11,71.01,3.743,214.9420631,7.931,0,203750,1408464.08,A
32,4/15/11,45.97,3.611,192.4225954,8.595,0,203007,1120508.14,A
33,4/15/11,64.64,4.089,128.9107333,8.687,0,39690,275749.56,A
34,4/15/11,53.3,3.724,128.9107333,10.581,0,158114,941829,A
35,4/15/11,52.24,3.821,138.1646952,8.512,0,103681,795157.2,B
36,4/15/11,73.25,3.763,214.026217,8.3,0,39910,414986.54,A
37,4/15/11,73.25,3.743,214.026217,8.3,0,39910,543775.87,C
38,4/15/11,57.63,3.868,128.9107333,13.736,0,39690,362758.94,C
39,4/15/11,73.19,3.743,214.026217,8.3,0,184109,1348031.55,A
40,4/15/11,43.69,3.823,134.2784667,4.781,0,155083,874446.32,A
41,4/15/11,39.94,3.611,192.4225954,6.934,0,196321,1192982.07,A
42,4/15/11,61.05,4.089,128.9107333,8.494,0,39690,597644.02,C
43,4/15/11,65.01,3.743,207.1015429,10.581,0,41062,635758.03,C
44,4/15/11,41.72,3.616,128.9107333,6.906,0,39910,289667.55,C
45,4/15/11,53.69,3.821,185.5339821,8.521,0,118221,765270.02,B
1,4/22/11,72.99,3.807,215.4599053,7.682,0,151315,1564819.81,A
2,4/22/11,69.39,3.807,215.1096657,7.931,0,202307,1886339.6,A
3,4/22/11,76.91,3.807,218.851237,7.574,0,37392,391860.04,B
4,4/22/11,68.8,3.781,128.9553,5.946,0,205863,2220600.76,A
5,4/22/11,74.34,3.807,216.0280407,6.489,0,34875,328415.44,B
6,4/22/11,74.24,3.807,217.0146941,6.855,0,202505,1639358.93,A
7,4/22/11,31.84,3.636,192.5234638,8.595,0,70713,466594.89,B
8,4/22/11,65.11,3.807,218.8986857,6.297,0,155078,937473.13,A
9,4/22/11,72.35,3.807,219.0861659,6.38,0,125833,549502.11,B
10,4/22/11,75.93,3.917,128.9553,8.494,0,126512,2004831.14,B
11,4/22/11,78.31,3.807,218.851237,7.574,0,207499,1388118.53,A
12,4/22/11,72.12,4.134,128.9553,13.736,0,112238,1016019.47,B
13,4/22/11,47.55,3.655,128.9553,7.193,0,219622,2124316.34,A
14,4/22/11,53.04,3.892,185.6684673,8.521,0,200898,2256461.39,A
15,4/22/11,41.37,4.061,134.3571,7.658,0,123737,655318.26,B
16,4/22/11,40.74,3.636,192.5234638,6.339,0,57197,368600,B
17,4/22/11,42.24,3.655,128.9553,6.774,0,93188,1060770.11,B
18,4/22/11,45.99,3.919,134.3571,8.975,0,120653,1105860.06,B
19,4/22/11,41.66,4.061,134.3571,7.658,0,203819,1514288.82,A
20,4/22/11,52.56,3.892,208.4779405,7.287,0,203742,2313861.81,A
21,4/22/11,70.79,3.807,215.1096657,7.931,0,140167,801302.01,B
22,4/22/11,47.76,3.919,138.2475036,8.252,0,119557,1152781.9,B
23,4/22/11,39.62,3.919,134.3571,4.781,0,114533,1447301.24,B
24,4/22/11,46,4.061,134.3571,8.212,0,203819,1372484.9,A
25,4/22/11,45.87,3.892,208.4779405,7.287,0,128107,756588.42,B
26,4/22/11,33.81,3.919,134.3571,7.818,0,152513,921700.61,A
27,4/22/11,50.02,4.061,138.2475036,7.725,0,204184,1921655.48,A
28,4/22/11,72.12,4.134,128.9553,13.736,0,206302,1297452,A
29,4/22/11,47.76,3.919,134.3571,9.966,0,93638,589252.69,B
30,4/22/11,70.79,3.807,215.1096657,7.931,0,42988,445358.73,C
31,4/22/11,70.79,3.807,215.1096657,7.931,0,203750,1461393.91,A
32,4/22/11,48.69,3.636,192.5234638,8.595,0,203007,1210602.91,A
33,4/22/11,79.46,3.917,128.9553,8.687,0,39690,248603.3,A
34,4/22/11,63.83,3.781,128.9553,10.581,0,158114,1051518.45,A
35,4/22/11,50.02,3.892,138.2475036,8.512,0,103681,841778.34,B
36,4/22/11,74.57,3.805,214.1921572,8.3,0,39910,374574.72,A
37,4/22/11,74.57,3.807,214.1921572,8.3,0,39910,526434.37,C
38,4/22/11,72.12,4.134,128.9553,13.736,0,39690,362952.34,C
39,4/22/11,74.98,3.807,214.1921572,8.3,0,184109,1563140.85,A
40,4/22/11,39.32,3.919,134.3571,4.781,0,155083,965056.4,A
41,4/22/11,42.86,3.636,192.5234638,6.934,0,196321,1304481.75,A
42,4/22/11,75.93,3.917,128.9553,8.494,0,39690,534597.69,C
43,4/22/11,74.49,3.807,207.2581929,10.581,0,41062,638280.67,C
44,4/22/11,47.55,3.655,128.9553,6.906,0,39910,280357.3,C
45,4/22/11,53.04,3.892,185.6684673,8.521,0,118221,813630.44,B
1,4/29/11,72.03,3.81,215.6279544,7.682,0,151315,1455090.69,A
2,4/29/11,69.21,3.81,215.2772683,7.931,0,202307,1745545.28,A
3,4/29/11,78.69,3.81,219.0236099,7.574,0,37392,367405.4,B
4,4/29/11,64.22,3.781,128.9998667,5.946,0,205863,1878167.44,A
5,4/29/11,74.75,3.81,216.1968142,6.489,0,34875,307291.56,B
6,4/29/11,75.27,3.81,217.1847255,6.855,0,202505,1479249.9,A
7,4/29/11,26.79,3.663,192.6243322,8.595,0,70713,410429.73,B
8,4/29/11,62.29,3.81,219.071119,6.297,0,155078,855014.77,A
9,4/29/11,70.85,3.81,219.2588382,6.38,0,125833,532226.2,B
10,4/29/11,73.38,4.151,128.9998667,8.494,0,126512,1873646.34,B
11,4/29/11,79.97,3.81,219.0236099,7.574,0,207499,1357589.89,A
12,4/29/11,68.27,4.151,128.9998667,13.736,0,112238,994966.1,B
13,4/29/11,43.85,3.683,128.9998667,7.193,0,219622,1895583.12,A
14,4/29/11,66.18,3.962,185.8029526,8.521,0,200898,1930617.64,A
15,4/29/11,55.46,4.117,134.4357333,7.658,0,123737,560764.41,B
16,4/29/11,37.77,3.663,192.6243322,6.339,0,57197,378100.31,B
17,4/29/11,40.14,3.683,128.9998667,6.774,0,93188,806979.15,B
18,4/29/11,58.82,3.988,134.4357333,8.975,0,120653,974114.39,B
19,4/29/11,54.23,4.117,134.4357333,7.658,0,203819,1297237.7,A
20,4/29/11,62.97,3.962,208.6386,7.287,0,203742,1881788.19,A
21,4/29/11,70.19,3.81,215.2772683,7.931,0,140167,783250.75,B
22,4/29/11,57.2,3.988,138.3303119,8.252,0,119557,926133.8,B
23,4/29/11,54.2,3.988,134.4357333,4.781,0,114533,1173307.4,B
24,4/29/11,60.48,4.117,134.4357333,8.212,0,203819,1197761.17,A
25,4/29/11,58.43,3.962,208.6386,7.287,0,128107,649245,B
26,4/29/11,47.17,3.988,134.4357333,7.818,0,152513,873450.29,A
27,4/29/11,61.71,4.117,138.3303119,7.725,0,204184,1642074.64,A
28,4/29/11,68.27,4.151,128.9998667,13.736,0,206302,1222367.9,A
29,4/29/11,57.2,3.988,134.4357333,9.966,0,93638,493078.64,B
30,4/29/11,70.19,3.81,215.2772683,7.931,0,42988,423687.2,C
31,4/29/11,70.19,3.81,215.2772683,7.931,0,203750,1331137.96,A
32,4/29/11,44.86,3.663,192.6243322,8.595,0,203007,1107494.55,A
33,4/29/11,77.44,4.151,128.9998667,8.687,0,39690,248561.86,A
34,4/29/11,57.73,3.781,128.9998667,10.581,0,158114,895973.02,A
35,4/29/11,61.71,3.962,138.3303119,8.512,0,103681,811824.06,B
36,4/29/11,76.1,3.837,214.3580974,8.3,0,39910,340708.78,A
37,4/29/11,76.1,3.81,214.3580974,8.3,0,39910,502918.18,C
38,4/29/11,68.27,4.151,128.9998667,13.736,0,39690,344225.99,C
39,4/29/11,76.47,3.81,214.3580974,8.3,0,184109,1379651.87,A
40,4/29/11,52.68,3.988,134.4357333,4.781,0,155083,847246.5,A
41,4/29/11,39.81,3.663,192.6243322,6.934,0,196321,1178841.05,A
42,4/29/11,73.38,4.151,128.9998667,8.494,0,39690,496010.17,C
43,4/29/11,71.34,3.81,207.4148429,10.581,0,41062,611464.21,C
44,4/29/11,43.85,3.683,128.9998667,6.906,0,39910,281247.97,C
45,4/29/11,66.18,3.962,185.8029526,8.521,0,118221,786561.61,B
1,5/6/11,64.61,3.906,215.7960035,7.682,0,151315,1629391.28,A
2,5/6/11,61.48,3.906,215.4448709,7.931,0,202307,1837743.6,A
3,5/6/11,69.45,3.906,219.1959827,7.574,0,37392,413042.12,B
4,5/6/11,63.41,3.866,129.0444333,5.946,0,205863,2063682.76,A
5,5/6/11,66.27,3.906,216.3655877,6.489,0,34875,322904.68,B
6,5/6/11,65.42,3.906,217.3547569,6.855,0,202505,1504651.57,A
7,5/6/11,26.54,3.735,192.7252006,8.595,0,70713,407012.47,B
8,5/6/11,58.92,3.906,219.2435524,6.297,0,155078,941457.34,A
9,5/6/11,62.2,3.906,219.4315106,6.38,0,125833,545251.1,B
10,5/6/11,73.56,4.193,129.0444333,8.494,0,126512,1841369.99,B
11,5/6/11,71.39,3.906,219.1959827,7.574,0,207499,1331453.41,A
12,5/6/11,68.4,4.193,129.0444333,13.736,0,112238,1021154.48,B
13,5/6/11,47.75,3.744,129.0444333,7.193,0,219622,1986380.4,A
14,5/6/11,58.21,4.046,185.9374378,8.521,0,200898,2095599.93,A
15,5/6/11,49.87,4.192,134.5143667,7.658,0,123737,630522.67,B
16,5/6/11,38.64,3.735,192.7252006,6.339,0,57197,423805.22,B
17,5/6/11,45.66,3.744,129.0444333,6.774,0,93188,882132.28,B
18,5/6/11,54.17,4.078,134.5143667,8.975,0,120653,1065427.37,B
19,5/6/11,50.43,4.192,134.5143667,7.658,0,203819,1451953.95,A
20,5/6/11,53.41,4.046,208.7992595,7.287,0,203742,2090838.44,A
21,5/6/11,61.87,3.906,215.4448709,7.931,0,140167,718898.33,B
22,5/6/11,53.63,4.078,138.4131202,8.252,0,119557,1032076.06,B
23,5/6/11,50.07,4.078,134.5143667,4.781,0,114533,1359921.13,B
24,5/6/11,55.75,4.192,134.5143667,8.212,0,203819,1339630.35,A
25,5/6/11,49.5,4.046,208.7992595,7.287,0,128107,659446.55,B
26,5/6/11,45,4.078,134.5143667,7.818,0,152513,1024778.23,A
27,5/6/11,56.48,4.192,138.4131202,7.725,0,204184,1757041.96,A
28,5/6/11,68.4,4.193,129.0444333,13.736,0,206302,1515890.38,A
29,5/6/11,53.63,4.078,134.5143667,9.966,0,93638,534372.53,B
30,5/6/11,61.87,3.906,215.4448709,7.931,0,42988,438789.52,C
31,5/6/11,61.87,3.906,215.4448709,7.931,0,203750,1388755.61,A
32,5/6/11,46.65,3.735,192.7252006,8.595,0,203007,1181793.55,A
33,5/6/11,77.92,4.193,129.0444333,8.687,0,39690,257031.19,A
34,5/6/11,54.4,3.866,129.0444333,10.581,0,158114,965853.58,A
35,5/6/11,56.48,4.046,138.4131202,8.512,0,103681,835181.18,B
36,5/6/11,69.56,3.917,214.5240376,8.3,0,39910,393401.4,A
37,5/6/11,69.56,3.906,214.5240376,8.3,0,39910,547513.3,C
38,5/6/11,68.4,4.193,129.0444333,13.736,0,39690,422186.65,C
39,5/6/11,68.75,3.906,214.5240376,8.3,0,184109,1370920.87,A
40,5/6/11,50.81,4.078,134.5143667,4.781,0,155083,1016752.55,A
41,5/6/11,41.2,3.735,192.7252006,6.934,0,196321,1244956.91,A
42,5/6/11,73.56,4.193,129.0444333,8.494,0,39690,612337.35,C
43,5/6/11,66.77,3.906,207.5714929,10.581,0,41062,649148.74,C
44,5/6/11,47.75,3.744,129.0444333,6.906,0,39910,299354.67,C
45,5/6/11,58.21,4.046,185.9374378,8.521,0,118221,810150.64,B
1,5/13/11,75.64,3.899,215.9640526,7.682,0,151315,1604775.58,A
2,5/13/11,74.61,3.899,215.6124735,7.931,0,202307,1838513.07,A
3,5/13/11,79.87,3.899,219.3683556,7.574,0,37392,386312.68,B
4,5/13/11,70.65,3.872,129.089,5.946,0,205863,2002362.37,A
5,5/13/11,77.38,3.899,216.5343611,6.489,0,34875,290930.01,B
6,5/13/11,76.95,3.899,217.5247882,6.855,0,202505,1453185.65,A
7,5/13/11,36.61,3.767,192.826069,8.595,0,70713,414094.05,B
8,5/13/11,72.96,3.899,219.4159857,6.297,0,155078,895763.41,A
9,5/13/11,77.66,3.899,219.6041829,6.38,0,125833,539126,B
10,5/13/11,74.04,4.202,129.089,8.494,0,126512,1712995.44,B
11,5/13/11,80.93,3.899,219.3683556,7.574,0,207499,1277959.42,A
12,5/13/11,70.93,4.202,129.089,13.736,0,112238,977033.5,B
13,5/13/11,52.4,3.77,129.089,7.193,0,219622,1958823.56,A
14,5/13/11,60.38,4.066,186.0719231,8.521,0,200898,2004330.3,A
15,5/13/11,57.07,4.211,134.593,7.658,0,123737,630482.91,B
16,5/13/11,43.29,3.767,192.826069,6.339,0,57197,410406.95,B
17,5/13/11,49.26,3.77,129.089,6.774,0,93188,870625.49,B
18,5/13/11,58.48,4.095,134.593,8.975,0,120653,993172.98,B
19,5/13/11,54.2,4.211,134.593,7.658,0,203819,1429143.06,A
20,5/13/11,62.26,4.066,208.9599189,7.287,0,203742,2036748.53,A
21,5/13/11,75.04,3.899,215.6124735,7.931,0,140167,754236.7,B
22,5/13/11,57.71,4.095,138.4959286,8.252,0,119557,1001558.74,B
23,5/13/11,55.12,4.095,134.593,4.781,0,114533,1254914.87,B
24,5/13/11,58.49,4.211,134.593,8.212,0,203819,1311950.16,A
25,5/13/11,60.1,4.066,208.9599189,7.287,0,128107,684783.15,B
26,5/13/11,48.2,4.095,134.593,7.818,0,152513,941008.85,A
27,5/13/11,60.07,4.211,138.4959286,7.725,0,204184,1763545.32,A
28,5/13/11,70.93,4.202,129.089,13.736,0,206302,1253316.3,A
29,5/13/11,57.71,4.095,134.593,9.966,0,93638,549551.02,B
30,5/13/11,75.04,3.899,215.6124735,7.931,0,42988,424614.59,C
31,5/13/11,75.04,3.899,215.6124735,7.931,0,203750,1408118.22,A
32,5/13/11,56.09,3.767,192.826069,8.595,0,203007,1138162.76,A
33,5/13/11,78.24,4.202,129.089,8.687,0,39690,279466.87,A
34,5/13/11,63.05,3.872,129.089,10.581,0,158114,966232.69,A
35,5/13/11,60.07,4.066,138.4959286,8.512,0,103681,826155.95,B
36,5/13/11,76.73,3.92,214.6899778,8.3,0,39910,395316.65,A
37,5/13/11,76.73,3.899,214.6899778,8.3,0,39910,511871.63,C
38,5/13/11,70.93,4.202,129.089,13.736,0,39690,366977.79,C
39,5/13/11,77.39,3.899,214.6899778,8.3,0,184109,1325022.77,A
40,5/13/11,54.09,4.095,134.593,4.781,0,155083,903864.02,A
41,5/13/11,50.29,3.767,192.826069,6.934,0,196321,1270025.74,A
42,5/13/11,74.04,4.202,129.089,8.494,0,39690,603024.75,C
43,5/13/11,76.03,3.899,207.7281429,10.581,0,41062,684655.91,C
44,5/13/11,52.4,3.77,129.089,6.906,0,39910,307095.31,C
45,5/13/11,60.38,4.066,186.0719231,8.521,0,118221,793889.1,B
1,5/20/11,67.63,3.907,215.7339202,7.682,0,151315,1428218.27,A
2,5/20/11,67.14,3.907,215.3834778,7.931,0,202307,1688281.86,A
3,5/20/11,75.79,3.907,219.127216,7.574,0,37392,364603.13,B
4,5/20/11,70.49,3.881,129.0756774,5.946,0,205863,2015563.48,A
5,5/20/11,71.37,3.907,216.3023847,6.489,0,34875,299614.33,B
6,5/20/11,72.01,3.907,217.2896095,6.855,0,202505,1382783.83,A
7,5/20/11,36.16,3.828,192.831317,8.595,0,70713,424670.98,B
8,5/20/11,65.54,3.907,219.1746922,6.297,0,155078,836049.89,A
9,5/20/11,70.49,3.907,219.3622809,6.38,0,125833,518266.9,B
10,5/20/11,72.62,3.99,129.0756774,8.494,0,126512,1720908.01,B
11,5/20/11,76.97,3.907,219.127216,7.574,0,207499,1239466.97,A
12,5/20/11,66.59,4.169,129.0756774,13.736,0,112238,924134.99,B
13,5/20/11,52.12,3.802,129.0756774,7.193,0,219622,1860923.55,A
14,5/20/11,62.28,4.062,185.9661154,8.521,0,200898,1959967.8,A
15,5/20/11,57.19,4.202,134.6803871,7.658,0,123737,593941.9,B
16,5/20/11,43.95,3.828,192.831317,6.339,0,57197,435397.19,B
17,5/20/11,51.93,3.802,129.0756774,6.774,0,93188,844443.35,B
18,5/20/11,57.55,4.101,134.6803871,8.975,0,120653,994610.43,B
19,5/20/11,52.8,4.202,134.6803871,7.658,0,203819,1355234.3,A
20,5/20/11,59.01,4.062,208.7583165,7.287,0,203742,1953416.06,A
21,5/20/11,68.36,3.907,215.3834778,7.931,0,140167,744836.56,B
22,5/20/11,58.56,4.101,138.587106,8.252,0,119557,970307.83,B
23,5/20/11,56.67,4.101,134.6803871,4.781,0,114533,1337617.55,B
24,5/20/11,59.84,4.202,134.6803871,8.212,0,203819,1234281.7,A
25,5/20/11,56.56,4.062,208.7583165,7.287,0,128107,677971.33,B
26,5/20/11,48.86,4.101,134.6803871,7.818,0,152513,938334.62,A
27,5/20/11,60.22,4.202,138.587106,7.725,0,204184,1725268.56,A
28,5/20/11,66.59,4.169,129.0756774,13.736,0,206302,1151282.31,A
29,5/20/11,58.56,4.101,134.6803871,9.966,0,93638,492932.51,B
30,5/20/11,68.36,3.907,215.3834778,7.931,0,42988,435102.2,C
31,5/20/11,68.36,3.907,215.3834778,7.931,0,203750,1387365.19,A
32,5/20/11,45.71,3.828,192.831317,8.595,0,203007,1145084.76,A
33,5/20/11,76.07,3.99,129.0756774,8.687,0,39690,239206.26,A
34,5/20/11,61.47,3.881,129.0756774,10.581,0,158114,945018.83,A
35,5/20/11,60.22,4.062,138.587106,8.512,0,103681,776838.56,B
36,5/20/11,73.02,3.925,214.465412,8.3,0,39910,376183.44,A
37,5/20/11,73.02,3.907,214.465412,8.3,0,39910,533564.42,C
38,5/20/11,66.59,4.169,129.0756774,13.736,0,39690,365730.76,C
39,5/20/11,73.31,3.907,214.465412,8.3,0,184109,1373907.21,A
40,5/20/11,56.38,4.101,134.6803871,4.781,0,155083,907110.83,A
41,5/20/11,41.11,3.828,192.831317,6.934,0,196321,1244542.33,A
42,5/20/11,72.62,3.99,129.0756774,8.494,0,39690,524559.95,C
43,5/20/11,74.21,3.907,207.5200622,10.581,0,41062,648330.18,C
44,5/20/11,52.12,3.802,129.0756774,6.906,0,39910,303559.23,C
45,5/20/11,62.28,4.062,185.9661154,8.521,0,118221,727163.67,B
1,5/27/11,77.72,3.786,215.5037878,7.682,0,151315,1466046.67,A
2,5/27/11,76.42,3.786,215.1544822,7.931,0,202307,1797732.56,A
3,5/27/11,84.41,3.786,218.8860765,7.574,0,37392,369350.6,B
4,5/27/11,73.65,3.771,129.0623548,5.946,0,205863,1986597.95,A
5,5/27/11,80.14,3.786,216.0704083,6.489,0,34875,297149.69,B
6,5/27/11,80.83,3.786,217.0544307,6.855,0,202505,1523979.11,A
7,5/27/11,37.51,3.795,192.8365651,8.595,0,70713,457216.87,B
8,5/27/11,73.14,3.786,218.9333986,6.297,0,155078,857939.41,A
9,5/27/11,80.42,3.786,219.1203788,6.38,0,125833,553834.04,B
10,5/27/11,78.62,3.933,129.0623548,8.494,0,126512,1743000.38,B
11,5/27/11,85.61,3.786,218.8860765,7.574,0,207499,1216876.52,A
12,5/27/11,76.67,4.087,129.0623548,13.736,0,112238,964332.51,B
13,5/27/11,54.62,3.778,129.0623548,7.193,0,219622,1866369.93,A
14,5/27/11,69.7,3.985,185.8603077,8.521,0,200898,2080694.24,A
15,5/27/11,65.87,4.134,134.7677742,7.658,0,123737,636193.24,B
16,5/27/11,45.17,3.795,192.8365651,6.339,0,57197,444718.68,B
17,5/27/11,51.04,3.778,129.0623548,6.774,0,93188,892056.64,B
18,5/27/11,64.6,4.034,134.7677742,8.975,0,120653,1065214.14,B
19,5/27/11,63.2,4.134,134.7677742,7.658,0,203819,1388553.11,A
20,5/27/11,69.12,3.985,208.556714,7.287,0,203742,1944433.17,A
21,5/27/11,76.86,3.786,215.1544822,7.931,0,140167,744389.81,B
22,5/27/11,62.59,4.034,138.6782834,8.252,0,119557,1021568.34,B
23,5/27/11,63.27,4.034,134.7677742,4.781,0,114533,1361945.18,B
24,5/27/11,65.74,4.134,134.7677742,8.212,0,203819,1311153.72,A
25,5/27/11,67.18,3.985,208.556714,7.287,0,128107,718373.94,B
26,5/27/11,56.74,4.034,134.7677742,7.818,0,152513,996723.58,A
27,5/27/11,66.43,4.134,138.6782834,7.725,0,204184,1820723.17,A
28,5/27/11,76.67,4.087,129.0623548,13.736,0,206302,1160043.98,A
29,5/27/11,62.59,4.034,134.7677742,9.966,0,93638,550735.64,B
30,5/27/11,76.86,3.786,215.1544822,7.931,0,42988,429305.82,C
31,5/27/11,76.86,3.786,215.1544822,7.931,0,203750,1342273.64,A
32,5/27/11,55.13,3.795,192.8365651,8.595,0,203007,1175447.49,A
33,5/27/11,82.32,3.933,129.0623548,8.687,0,39690,239431.85,A
34,5/27/11,65.99,3.771,129.0623548,10.581,0,158114,941311.83,A
35,5/27/11,66.43,3.985,138.6782834,8.512,0,103681,850708.6,B
36,5/27/11,81.28,3.786,214.2408462,8.3,0,39910,348655.2,A
37,5/27/11,81.28,3.786,214.2408462,8.3,0,39910,507086.75,C
38,5/27/11,76.67,4.087,129.0623548,13.736,0,39690,356886.1,C
39,5/27/11,82.1,3.786,214.2408462,8.3,0,184109,1406124.14,A
40,5/27/11,63.11,4.034,134.7677742,4.781,0,155083,972373.81,A
41,5/27/11,50.56,3.795,192.8365651,6.934,0,196321,1278304.33,A
42,5/27/11,78.62,3.933,129.0623548,8.494,0,39690,503295.29,C
43,5/27/11,80.89,3.786,207.3119816,10.581,0,41062,578209.63,C
44,5/27/11,54.62,3.778,129.0623548,6.906,0,39910,308442.49,C
45,5/27/11,69.7,3.985,185.8603077,8.521,0,118221,817653.25,B
1,6/3/11,83,3.699,215.2736553,7.682,0,151315,1635078.41,A
2,6/3/11,83.07,3.699,214.9254865,7.931,0,202307,1933756.21,A
3,6/3/11,84.29,3.699,218.6449369,7.574,0,37392,394507.84,B
4,6/3/11,78.26,3.683,129.0490323,5.946,0,205863,2065377.15,A
5,6/3/11,83.81,3.699,215.8384319,6.489,0,34875,329183.92,B
6,6/3/11,84.01,3.699,216.819252,6.855,0,202505,1705506.29,A
7,6/3/11,45.77,3.763,192.8418131,8.595,0,70713,542295.37,B
8,6/3/11,82.05,3.699,218.6921051,6.297,0,155078,929222.16,A
9,6/3/11,85.8,3.699,218.8784768,6.38,0,125833,587004.29,B
10,6/3/11,81.87,3.893,129.0490323,8.494,0,126512,1792210.89,B
11,6/3/11,86.14,3.699,218.6449369,7.574,0,207499,1343637,A
12,6/3/11,71.81,4.031,129.0490323,13.736,0,112238,970328.68,B
13,6/3/11,52.76,3.752,129.0490323,7.193,0,219622,1935593.87,A
14,6/3/11,76.38,3.922,185.7545,8.521,0,200898,2079899.47,A
15,6/3/11,69.8,4.069,134.8551613,7.658,0,123737,695396.19,B
16,6/3/11,54.08,3.763,192.8418131,6.339,0,57197,531080.31,B
17,6/3/11,49.61,3.752,129.0490323,6.774,0,93188,895020.48,B
18,6/3/11,70.9,3.973,134.8551613,8.975,0,120653,1178039,B
19,6/3/11,66.01,4.069,134.8551613,7.658,0,203819,1457345.75,A
20,6/3/11,73.51,3.922,208.3551116,7.287,0,203742,2182246.69,A
21,6/3/11,83.82,3.699,214.9254865,7.931,0,140167,773878.58,B
22,6/3/11,70.09,3.973,138.7694608,8.252,0,119557,1125169.92,B
23,6/3/11,67.21,3.973,134.8551613,4.781,0,114533,1562161.97,B
24,6/3/11,73.12,4.069,134.8551613,8.212,0,203819,1554837.62,A
25,6/3/11,70.69,3.922,208.3551116,7.287,0,128107,737551.74,B
26,6/3/11,60.49,3.973,134.8551613,7.818,0,152513,1054454.4,A
27,6/3/11,74.17,4.069,138.7694608,7.725,0,204184,2053708.01,A
28,6/3/11,71.81,4.031,129.0490323,13.736,0,206302,1403779.25,A
29,6/3/11,70.09,3.973,134.8551613,9.966,0,93638,598251.57,B
30,6/3/11,83.82,3.699,214.9254865,7.931,0,42988,432808.48,C
31,6/3/11,83.82,3.699,214.9254865,7.931,0,203750,1430348.1,A
32,6/3/11,61.25,3.763,192.8418131,8.595,0,203007,1167757,A
33,6/3/11,82.93,3.893,129.0490323,8.687,0,39690,243477.03,A
34,6/3/11,74.64,3.683,129.0490323,10.581,0,158114,947229.24,A
35,6/3/11,74.17,3.922,138.7694608,8.512,0,103681,955466.84,B
36,6/3/11,82.96,3.69,214.0162805,8.3,0,39910,373703.95,A
37,6/3/11,82.96,3.699,214.0162805,8.3,0,39910,500381.23,C
38,6/3/11,71.81,4.031,129.0490323,13.736,0,39690,396826.06,C
39,6/3/11,83.59,3.699,214.0162805,8.3,0,184109,1541745.59,A
40,6/3/11,66.16,3.973,134.8551613,4.781,0,155083,1075687.74,A
41,6/3/11,54.81,3.763,192.8418131,6.934,0,196321,1297584.95,A
42,6/3/11,81.87,3.893,129.0490323,8.494,0,39690,545109.3,C
43,6/3/11,83.49,3.699,207.1039009,10.581,0,41062,630972.15,C
44,6/3/11,52.76,3.752,129.0490323,6.906,0,39910,308950.04,C
45,6/3/11,76.38,3.922,185.7545,8.521,0,118221,877423.45,B
1,6/10/11,83.13,3.648,215.0435229,7.682,0,151315,1588948.32,A
2,6/10/11,83.4,3.648,214.6964908,7.931,0,202307,1929153.16,A
3,6/10/11,84.84,3.648,218.4037974,7.574,0,37392,391638.75,B
4,6/10/11,80.05,3.64,129.0357097,5.946,0,205863,2073951.38,A
5,6/10/11,83.61,3.648,215.6064555,6.489,0,34875,304984.14,B
6,6/10/11,84.49,3.648,216.5840732,6.855,0,202505,1598643.65,A
7,6/10/11,53.3,3.735,192.8470612,8.595,0,70713,621099.95,B
8,6/10/11,82.21,3.648,218.4508115,6.297,0,155078,897309.41,A
9,6/10/11,85.81,3.648,218.6365747,6.38,0,125833,550076.32,B
10,6/10/11,84.57,3.981,129.0357097,8.494,0,126512,1740063.1,B
11,6/10/11,85.79,3.648,218.4037974,7.574,0,207499,1314626.75,A
12,6/10/11,78.72,3.981,129.0357097,13.736,0,112238,996937.95,B
13,6/10/11,61.39,3.732,129.0357097,7.193,0,219622,1997816.98,A
14,6/10/11,73.88,3.881,185.6486923,8.521,0,200898,2132446,A
15,6/10/11,69.86,4.025,134.9425484,7.658,0,123737,642679.81,B
16,6/10/11,55.78,3.735,192.8470612,6.339,0,57197,600952.06,B
17,6/10/11,54.57,3.732,129.0357097,6.774,0,93188,881190.46,B
18,6/10/11,69.49,3.924,134.9425484,8.975,0,120653,1044079.2,B
19,6/10/11,68.26,4.025,134.9425484,7.658,0,203819,1467473.63,A
20,6/10/11,73.64,3.881,208.1535092,7.287,0,203742,2135062.04,A
21,6/10/11,84.71,3.648,214.6964908,7.931,0,140167,794397.89,B
22,6/10/11,69.53,3.924,138.8606382,8.252,0,119557,1060868.49,B
23,6/10/11,65.23,3.924,134.9425484,4.781,0,114533,1447028.06,B
24,6/10/11,70.02,4.025,134.9425484,8.212,0,203819,1373841.91,A
25,6/10/11,71.45,3.881,208.1535092,7.287,0,128107,740259.63,B
26,6/10/11,59.85,3.924,134.9425484,7.818,0,152513,1094058.68,A
27,6/10/11,73.26,4.025,138.8606382,7.725,0,204184,1817914.71,A
28,6/10/11,78.72,3.981,129.0357097,13.736,0,206302,1339972.83,A
29,6/10/11,69.53,3.924,134.9425484,9.966,0,93638,558431.44,B
30,6/10/11,84.71,3.648,214.6964908,7.931,0,42988,424697.05,C
31,6/10/11,84.71,3.648,214.6964908,7.931,0,203750,1425299.37,A
32,6/10/11,65.49,3.735,192.8470612,8.595,0,203007,1239741.34,A
33,6/10/11,87.02,3.981,129.0357097,8.687,0,39690,258427.39,A
34,6/10/11,74.57,3.64,129.0357097,10.581,0,158114,943912.77,A
35,6/10/11,73.26,3.881,138.8606382,8.512,0,103681,855130.21,B
36,6/10/11,82.41,3.633,213.7917147,8.3,0,39910,374182.04,A
37,6/10/11,82.41,3.648,213.7917147,8.3,0,39910,509647.25,C
38,6/10/11,78.72,3.981,129.0357097,13.736,0,39690,381763.02,C
39,6/10/11,82.75,3.648,213.7917147,8.3,0,184109,1442092.08,A
40,6/10/11,64.19,3.924,134.9425484,4.781,0,155083,984336.04,A
41,6/10/11,61.1,3.735,192.8470612,6.934,0,196321,1311690.11,A
42,6/10/11,84.57,3.981,129.0357097,8.494,0,39690,616701.99,C
43,6/10/11,85.81,3.648,206.8958203,10.581,0,41062,643041.71,C
44,6/10/11,61.39,3.732,129.0357097,6.906,0,39910,308770.42,C
45,6/10/11,73.88,3.881,185.6486923,8.521,0,118221,814395.17,B
1,6/17/11,86.41,3.637,214.9980596,7.682,0,151315,1532114.86,A
2,6/17/11,86.53,3.637,214.6513538,7.931,0,202307,1953771.99,A
3,6/17/11,86.96,3.637,218.3551748,7.574,0,37392,403423.34,B
4,6/17/11,83.51,3.618,129.0432,5.946,0,205863,2141210.62,A
5,6/17/11,86.84,3.637,215.560463,6.489,0,34875,304811.82,B
6,6/17/11,87.08,3.637,216.5371616,6.855,0,202505,1622150.33,A
7,6/17/11,48.79,3.697,192.9034759,8.595,0,70713,610991.35,B
8,6/17/11,84.73,3.637,218.4021448,6.297,0,155078,922048.41,A
9,6/17/11,89.15,3.637,218.5877333,6.38,0,125833,558671.14,B
10,6/17/11,87.96,3.935,129.0432,8.494,0,126512,1817934.76,B
11,6/17/11,87.9,3.637,218.3551748,7.574,0,207499,1337506.74,A
12,6/17/11,86.84,3.935,129.0432,13.736,0,112238,986504.93,B
13,6/17/11,63.35,3.704,129.0432,7.193,0,219622,2086433.49,A
14,6/17/11,69.32,3.842,185.6719333,8.521,0,200898,2082083.34,A
15,6/17/11,63.9,3.989,135.0837333,7.658,0,123737,639928.85,B
16,6/17/11,58.34,3.697,192.9034759,6.339,0,57197,581546.23,B
17,6/17/11,56.61,3.704,129.0432,6.774,0,93188,894686.67,B
18,6/17/11,63.23,3.873,135.0837333,8.975,0,120653,1045859.39,B
19,6/17/11,64.02,3.989,135.0837333,7.658,0,203819,1418973.62,A
20,6/17/11,66.41,3.842,208.1265604,7.287,0,203742,2065191.27,A
21,6/17/11,87.54,3.637,214.6513538,7.931,0,140167,823220.43,B
22,6/17/11,63.97,3.873,139.0028333,8.252,0,119557,1042454.61,B
23,6/17/11,61.06,3.873,135.0837333,4.781,0,114533,1470520.83,B
24,6/17/11,64.34,3.989,135.0837333,8.212,0,203819,1320359.23,A
25,6/17/11,63.58,3.842,208.1265604,7.287,0,128107,717373.43,B
26,6/17/11,54.5,3.873,135.0837333,7.818,0,152513,981646.46,A
27,6/17/11,67.03,3.989,139.0028333,7.725,0,204184,1814740.09,A
28,6/17/11,86.84,3.935,129.0432,13.736,0,206302,1268503.49,A
29,6/17/11,63.97,3.873,135.0837333,9.966,0,93638,536914.17,B
30,6/17/11,87.54,3.637,214.6513538,7.931,0,42988,435481.03,C
31,6/17/11,87.54,3.637,214.6513538,7.931,0,203750,1491039.14,A
32,6/17/11,67.38,3.697,192.9034759,8.595,0,203007,1192031.38,A
33,6/17/11,91.11,3.935,129.0432,8.687,0,39690,238172.66,A
34,6/17/11,76.58,3.618,129.0432,10.581,0,158114,968258.09,A
35,6/17/11,67.03,3.842,139.0028333,8.512,0,103681,828594.86,B
36,6/17/11,84.43,3.599,213.7481256,8.3,0,39910,394645.25,A
37,6/17/11,84.43,3.637,213.7481256,8.3,0,39910,525132.36,C
38,6/17/11,86.84,3.935,129.0432,13.736,0,39690,356797,C
39,6/17/11,85.21,3.637,213.7481256,8.3,0,184109,1451392.67,A
40,6/17/11,59.16,3.873,135.0837333,4.781,0,155083,971422.67,A
41,6/17/11,62.3,3.697,192.9034759,6.934,0,196321,1289151.84,A
42,6/17/11,87.96,3.935,129.0432,8.494,0,39690,546675.65,C
43,6/17/11,88.49,3.637,206.8560238,10.581,0,41062,665781.74,C
44,6/17/11,63.35,3.704,129.0432,6.906,0,39910,300255.87,C
45,6/17/11,69.32,3.842,185.6719333,8.521,0,118221,811153.67,B
1,6/24/11,83.58,3.594,215.0910982,7.682,0,151315,1438830.15,A
2,6/24/11,85.17,3.594,214.7441108,7.931,0,202307,1790925.8,A
3,6/24/11,84.94,3.594,218.45094,7.574,0,37392,385520.71,B
4,6/24/11,81.85,3.57,129.0663,5.946,0,205863,2008344.92,A
5,6/24/11,84.76,3.594,215.6539583,6.489,0,34875,302881.64,B
6,6/24/11,85.51,3.594,216.6314502,6.855,0,202505,1543365.9,A
7,6/24/11,46.85,3.661,192.9982655,8.595,0,70713,640043.97,B
8,6/24/11,83.94,3.594,218.4979481,6.297,0,155078,864881.24,A
9,6/24/11,86.74,3.594,218.6836874,6.38,0,125833,538745.93,B
10,6/24/11,90.69,3.807,129.0663,8.494,0,126512,1711813.13,B
11,6/24/11,86.13,3.594,218.45094,7.574,0,207499,1254587.84,A
12,6/24/11,88.95,3.898,129.0663,13.736,0,112238,997282.75,B
13,6/24/11,66.38,3.668,129.0663,7.193,0,219622,2009163.08,A
14,6/24/11,74.85,3.804,185.7919609,8.521,0,200898,2069523.52,A
15,6/24/11,69.96,3.964,135.2652667,7.658,0,123737,656594.95,B
16,6/24/11,54.36,3.661,192.9982655,6.339,0,57197,569105.03,B
17,6/24/11,60.99,3.668,129.0663,6.774,0,93188,920719.98,B
18,6/24/11,67.41,3.851,135.2652667,8.975,0,120653,1056478.65,B
19,6/24/11,68.4,3.964,135.2652667,7.658,0,203819,1440785.7,A
20,6/24/11,72.4,3.804,208.2306018,7.287,0,203742,1950826.32,A
21,6/24/11,85.72,3.594,214.7441108,7.931,0,140167,771298.98,B
22,6/24/11,68.53,3.851,139.1832917,8.252,0,119557,1012584.2,B
23,6/24/11,63.8,3.851,135.2652667,4.781,0,114533,1434036.18,B
24,6/24/11,68.88,3.964,135.2652667,8.212,0,203819,1304850.67,A
25,6/24/11,70.71,3.804,208.2306018,7.287,0,128107,699270.1,B
26,6/24/11,56.94,3.851,135.2652667,7.818,0,152513,997474.93,A
27,6/24/11,72.02,3.964,139.1832917,7.725,0,204184,1811455.15,A
28,6/24/11,88.95,3.898,129.0663,13.736,0,206302,1208809.34,A
29,6/24/11,68.53,3.851,135.2652667,9.966,0,93638,545368.17,B
30,6/24/11,85.72,3.594,214.7441108,7.931,0,42988,422715.74,C
31,6/24/11,85.72,3.594,214.7441108,7.931,0,203750,1375962.46,A
32,6/24/11,65.06,3.661,192.9982655,8.595,0,203007,1163869.52,A
33,6/24/11,94.11,3.807,129.0663,8.687,0,39690,238433.53,A
34,6/24/11,77.16,3.57,129.0663,10.581,0,158114,923795.04,A
35,6/24/11,72.02,3.804,139.1832917,8.512,0,103681,849397.57,B
36,6/24/11,83.95,3.569,213.8402689,8.3,0,39910,360009.94,A
37,6/24/11,83.95,3.594,213.8402689,8.3,0,39910,509276.22,C
38,6/24/11,88.95,3.898,129.0663,13.736,0,39690,354078.95,C
39,6/24/11,84.06,3.594,213.8402689,8.3,0,184109,1363167.95,A
40,6/24/11,62.59,3.851,135.2652667,4.781,0,155083,977103.64,A
41,6/24/11,59.54,3.661,192.9982655,6.934,0,196321,1244381.98,A
42,6/24/11,90.69,3.807,129.0663,8.494,0,39690,501780.66,C
43,6/24/11,88.3,3.594,206.9424405,10.581,0,41062,604925.08,C
44,6/24/11,66.38,3.668,129.0663,6.906,0,39910,296765.59,C
45,6/24/11,74.85,3.804,185.7919609,8.521,0,118221,762861.78,B
1,7/1/11,85.55,3.524,215.1841368,7.962,0,151315,1488538.09,A
2,7/1/11,85.69,3.524,214.8368678,7.852,0,202307,1866243,A
3,7/1/11,85.1,3.524,218.5467052,7.567,0,37392,368962.72,B
4,7/1/11,84.54,3.504,129.0894,5.644,0,205863,2051533.53,A
5,7/1/11,85.81,3.524,215.7474537,6.529,0,34875,327093.89,B
6,7/1/11,87,3.524,216.7257388,6.925,0,202505,1694551.15,A
7,7/1/11,58.54,3.597,193.0930552,8.622,0,70713,704344.21,B
8,7/1/11,87.26,3.524,218.5937514,6.425,0,155078,883683.35,A
9,7/1/11,89.14,3.524,218.7796415,6.404,0,125833,537064.03,B
10,7/1/11,95.36,3.842,129.0894,8.257,0,126512,1751369.75,B
11,7/1/11,86.43,3.524,218.5467052,7.567,0,207499,1297472.06,A
12,7/1/11,89.85,3.842,129.0894,13.503,0,112238,961993.34,B
13,7/1/11,74.29,3.613,129.0894,6.877,0,219622,2048035.74,A
14,7/1/11,74.04,3.748,185.9119885,8.625,0,200898,2074668.19,A
15,7/1/11,67.43,3.916,135.4468,7.806,0,123737,674669.16,B
16,7/1/11,63.59,3.597,193.0930552,6.338,0,57197,608737.56,B
17,7/1/11,67.39,3.613,129.0894,6.745,0,93188,940554.34,B
18,7/1/11,69.75,3.815,135.4468,8.89,0,120653,1087051.26,B
19,7/1/11,67.64,3.916,135.4468,7.806,0,203819,1462731.93,A
20,7/1/11,69.66,3.748,208.3346432,7.274,0,203742,2053165.41,A
21,7/1/11,87.57,3.524,214.8368678,7.852,0,140167,784639.12,B
22,7/1/11,70.8,3.815,139.36375,8.023,0,119557,1077491.68,B
23,7/1/11,65.65,3.815,135.4468,4.584,0,114533,1492507.44,B
24,7/1/11,70.27,3.916,135.4468,8.358,0,203819,1445596.61,A
25,7/1/11,66.61,3.748,208.3346432,7.274,0,128107,706206.86,B
26,7/1/11,59.89,3.815,135.4468,7.767,0,152513,1070119.09,A
27,7/1/11,73.76,3.916,139.36375,7.85,0,204184,1949983.93,A
28,7/1/11,89.85,3.842,129.0894,13.503,0,206302,1319054.57,A
29,7/1/11,70.8,3.815,135.4468,9.863,0,93638,567114.6,B
30,7/1/11,87.57,3.524,214.8368678,7.852,0,42988,428782.38,C
31,7/1/11,87.57,3.524,214.8368678,7.852,0,203750,1371889.27,A
32,7/1/11,72.86,3.597,193.0930552,8.622,0,203007,1199845.29,A
33,7/1/11,98.43,3.842,129.0894,8.442,0,39690,226702.36,A
34,7/1/11,81.96,3.504,129.0894,10.641,0,158114,911106.22,A
35,7/1/11,73.76,3.748,139.36375,8.684,0,103681,874453.88,B
36,7/1/11,85.33,3.502,213.9324122,8.177,0,39910,354270.77,A
37,7/1/11,85.33,3.524,213.9324122,8.177,0,39910,517021.3,C
38,7/1/11,89.85,3.842,129.0894,13.503,0,39690,387334.04,C
39,7/1/11,84.93,3.524,213.9324122,8.177,0,184109,1429829.36,A
40,7/1/11,65.25,3.815,135.4468,4.584,0,155083,1048866.3,A
41,7/1/11,67.01,3.597,193.0930552,6.901,0,196321,1333347.78,A
42,7/1/11,95.36,3.842,129.0894,8.257,0,39690,506343.83,C
43,7/1/11,91.36,3.524,207.0288571,10.641,0,41062,586781.78,C
44,7/1/11,74.29,3.613,129.0894,6.56,0,39910,315273.08,C
45,7/1/11,74.04,3.748,185.9119885,8.625,0,118221,791495.25,B
1,7/8/11,85.83,3.48,215.2771754,7.962,0,151315,1534849.64,A
2,7/8/11,87.7,3.48,214.9296249,7.852,0,202307,1853161.99,A
3,7/8/11,85.38,3.48,218.6424704,7.567,0,37392,395146.24,B
4,7/8/11,84.59,3.469,129.1125,5.644,0,205863,2066541.86,A
5,7/8/11,86.64,3.48,215.8409491,6.529,0,34875,310804.93,B
6,7/8/11,88.36,3.48,216.8200275,6.925,0,202505,1709373.62,A
7,7/8/11,59.08,3.54,193.1878448,8.622,0,70713,761793.94,B
8,7/8/11,83.57,3.48,218.6895548,6.425,0,155078,861965.12,A
9,7/8/11,89.04,3.48,218.8755955,6.404,0,125833,535983.13,B
10,7/8/11,88.57,3.793,129.1125,8.257,0,126512,1699708.38,B
11,7/8/11,87.17,3.48,218.6424704,7.567,0,207499,1334627.96,A
12,7/8/11,89.9,3.705,129.1125,13.503,0,112238,943717.38,B
13,7/8/11,77.3,3.563,129.1125,6.877,0,219622,2021699.38,A
14,7/8/11,77.49,3.711,186.032016,8.625,0,200898,2063401.06,A
15,7/8/11,73.47,3.886,135.6283333,7.806,0,123737,635118.48,B
16,7/8/11,65,3.54,193.1878448,6.338,0,57197,634634.66,B
17,7/8/11,70.6,3.563,129.1125,6.745,0,93188,915064.22,B
18,7/8/11,73.12,3.784,135.6283333,8.89,0,120653,1048802.62,B
19,7/8/11,73.2,3.886,135.6283333,7.806,0,203819,1465489.75,A
20,7/8/11,74.69,3.711,208.4386847,7.274,0,203742,2123787.79,A
21,7/8/11,89.16,3.48,214.9296249,7.852,0,140167,734099.4,B
22,7/8/11,74.22,3.784,139.5442083,8.023,0,119557,1017050.65,B
23,7/8/11,69.92,3.784,135.6283333,4.584,0,114533,1379488.05,B
24,7/8/11,72.56,3.886,135.6283333,8.358,0,203819,1567340.07,A
25,7/8/11,71.64,3.711,208.4386847,7.274,0,128107,698529.64,B
26,7/8/11,63.34,3.784,135.6283333,7.767,0,152513,1133807.03,A
27,7/8/11,76.87,3.886,139.5442083,7.85,0,204184,2000055.27,A
28,7/8/11,89.9,3.705,129.1125,13.503,0,206302,1459655.85,A
29,7/8/11,74.22,3.784,135.6283333,9.863,0,93638,547586.07,B
30,7/8/11,89.16,3.48,214.9296249,7.852,0,42988,419764.37,C
31,7/8/11,89.16,3.48,214.9296249,7.852,0,203750,1423144.47,A
32,7/8/11,72.56,3.54,193.1878448,8.622,0,203007,1110244.52,A
33,7/8/11,96.44,3.793,129.1125,8.442,0,39690,262717.71,A
34,7/8/11,80.84,3.469,129.1125,10.641,0,158114,926934.57,A
35,7/8/11,76.87,3.711,139.5442083,8.684,0,103681,827717.85,B
36,7/8/11,84.71,3.44,214.0245556,8.177,0,39910,377464.62,A
37,7/8/11,84.71,3.48,214.0245556,8.177,0,39910,489059.93,C
38,7/8/11,89.9,3.705,129.1125,13.503,0,39690,399699.17,C
39,7/8/11,84.33,3.48,214.0245556,8.177,0,184109,1414564.53,A
40,7/8/11,67.86,3.784,135.6283333,4.584,0,155083,1107366.06,A
41,7/8/11,68.49,3.54,193.1878448,6.901,0,196321,1338862.58,A
42,7/8/11,88.57,3.793,129.1125,8.257,0,39690,593234.27,C
43,7/8/11,87.02,3.48,207.1152738,10.641,0,41062,651147.83,C
44,7/8/11,77.3,3.563,129.1125,6.56,0,39910,295339.01,C
45,7/8/11,77.49,3.711,186.032016,8.625,0,118221,768718.11,B
1,7/15/11,88.54,3.575,215.3611087,7.962,0,151315,1455119.97,A
2,7/15/11,89.83,3.575,215.0134426,7.852,0,202307,1785187.29,A
3,7/15/11,87.14,3.575,218.7275216,7.567,0,37392,373454.33,B
4,7/15/11,83.27,3.563,129.1338387,5.644,0,205863,2049046.95,A
5,7/15/11,88.64,3.575,215.9250696,6.529,0,34875,283248.62,B
6,7/15/11,88.93,3.575,216.9044732,6.925,0,202505,1526801.24,A
7,7/15/11,54.37,3.532,193.3125484,8.622,0,70713,642748.21,B
8,7/15/11,84.26,3.575,218.7746217,6.425,0,155078,849925.37,A
9,7/15/11,90.45,3.575,218.9607242,6.404,0,125833,512834.04,B
10,7/15/11,86.01,3.779,129.1338387,8.257,0,126512,1775068.4,B
11,7/15/11,88.3,3.575,218.7275216,7.567,0,207499,1266546.73,A
12,7/15/11,88.1,3.692,129.1338387,13.503,0,112238,936001.98,B
13,7/15/11,75.59,3.553,129.1338387,6.877,0,219622,1956813.31,A
14,7/15/11,78.47,3.76,186.1399808,8.625,0,200898,1953544.76,A
15,7/15/11,73.34,3.915,135.7837419,7.806,0,123737,624114.56,B
16,7/15/11,65.16,3.532,193.3125484,6.338,0,57197,586841.77,B
17,7/15/11,67.93,3.553,129.1338387,6.745,0,93188,902727.76,B
18,7/15/11,74.36,3.827,135.7837419,8.89,0,120653,974916.13,B
19,7/15/11,73.7,3.915,135.7837419,7.806,0,203819,1391580.41,A
20,7/15/11,74.88,3.76,208.5309337,7.274,0,203742,2039875.75,A
21,7/15/11,91.05,3.575,215.0134426,7.852,0,140167,728311.15,B
22,7/15/11,75.2,3.827,139.7006325,8.023,0,119557,961953.57,B
23,7/15/11,69.8,3.827,135.7837419,4.584,0,114533,1360520.56,B
24,7/15/11,74.43,3.915,135.7837419,8.358,0,203819,1356938.95,A
25,7/15/11,72.67,3.76,208.5309337,7.274,0,128107,680510.23,B
26,7/15/11,64.43,3.827,135.7837419,7.767,0,152513,1021534.7,A
27,7/15/11,77.83,3.915,139.7006325,7.85,0,204184,1762155.79,A
28,7/15/11,88.1,3.692,129.1338387,13.503,0,206302,1197373.13,A
29,7/15/11,75.2,3.827,135.7837419,9.863,0,93638,505246.15,B
30,7/15/11,91.05,3.575,215.0134426,7.852,0,42988,420515.63,C
31,7/15/11,91.05,3.575,215.0134426,7.852,0,203750,1415473.91,A
32,7/15/11,70.55,3.532,193.3125484,8.622,0,203007,1144254.26,A
33,7/15/11,92.83,3.779,129.1338387,8.442,0,39690,265003.47,A
34,7/15/11,78.09,3.563,129.1338387,10.641,0,158114,903882.96,A
35,7/15/11,77.83,3.76,139.7006325,8.684,0,103681,813845.5,B
36,7/15/11,85.63,3.55,214.1083654,8.177,0,39910,385631.48,A
37,7/15/11,85.63,3.575,214.1083654,8.177,0,39910,498749.62,C
38,7/15/11,88.1,3.692,129.1338387,13.503,0,39690,367181.71,C
39,7/15/11,85.96,3.575,214.1083654,8.177,0,184109,1380257.12,A
40,7/15/11,68.9,3.827,135.7837419,4.584,0,155083,953252.14,A
41,7/15/11,68.18,3.532,193.3125484,6.901,0,196321,1245772.7,A
42,7/15/11,86.01,3.779,129.1338387,8.257,0,39690,591703.82,C
43,7/15/11,84.67,3.575,207.1940691,10.641,0,41062,631827.38,C
44,7/15/11,75.59,3.553,129.1338387,6.56,0,39910,289201.21,C
45,7/15/11,78.47,3.76,186.1399808,8.625,0,118221,748435.2,B
1,7/22/11,85.77,3.651,215.4222784,7.962,0,151315,1396926.82,A
2,7/22/11,89.34,3.651,215.0749122,7.852,0,202307,1743816.41,A
3,7/22/11,86.19,3.651,218.7857881,7.567,0,37392,360617.37,B
4,7/22/11,82.84,3.627,129.1507742,5.644,0,205863,2036231.39,A
5,7/22/11,86.97,3.651,215.985753,6.529,0,34875,292539.73,B
6,7/22/11,88.06,3.651,216.964312,6.925,0,202505,1526506.08,A
7,7/22/11,56.22,3.545,193.5120367,8.622,0,70713,688043.96,B
8,7/22/11,85.46,3.651,218.8328475,6.425,0,155078,829902.42,A
9,7/22/11,89.08,3.651,219.0187895,6.404,0,125833,491449.94,B
10,7/22/11,88.59,3.697,129.1507742,8.257,0,126512,1774342.61,B
11,7/22/11,87.8,3.651,218.7857881,7.567,0,207499,1290576.44,A
12,7/22/11,91.17,3.794,129.1507742,13.503,0,112238,922231.92,B
13,7/22/11,78.5,3.563,129.1507742,6.877,0,219622,1987089.36,A
14,7/22/11,82.33,3.811,186.2177885,8.625,0,200898,1882070.88,A
15,7/22/11,79.97,3.972,135.8738387,7.806,0,123737,607475.44,B
16,7/22/11,65.36,3.545,193.5120367,6.338,0,57197,581758.22,B
17,7/22/11,69.82,3.563,129.1507742,6.745,0,93188,899044.34,B
18,7/22/11,78.68,3.882,135.8738387,8.89,0,120653,991262.46,B
19,7/22/11,79.37,3.972,135.8738387,7.806,0,203819,1377119.45,A
20,7/22/11,78.89,3.811,208.5937018,7.274,0,203742,1950904.84,A
21,7/22/11,90.27,3.651,215.0749122,7.852,0,140167,784490.67,B
22,7/22/11,77.79,3.882,139.7969712,8.023,0,119557,964683.8,B
23,7/22/11,76.74,3.882,135.8738387,4.584,0,114533,1362144,B
24,7/22/11,79.29,3.972,135.8738387,8.358,0,203819,1357672.24,A
25,7/22/11,78.1,3.811,208.5937018,7.274,0,128107,670854.96,B
26,7/22/11,69.52,3.882,135.8738387,7.767,0,152513,1017867.8,A
27,7/22/11,82.28,3.972,139.7969712,7.85,0,204184,1754879.45,A
28,7/22/11,91.17,3.794,129.1507742,13.503,0,206302,1165870.54,A
29,7/22/11,77.79,3.882,135.8738387,9.863,0,93638,507335.75,B
30,7/22/11,90.27,3.651,215.0749122,7.852,0,42988,423441.76,C
31,7/22/11,90.27,3.651,215.0749122,7.852,0,203750,1401944.8,A
32,7/22/11,76,3.545,193.5120367,8.622,0,203007,1185674.48,A
33,7/22/11,97.17,3.697,129.1507742,8.442,0,39690,238915.05,A
34,7/22/11,80.75,3.627,129.1507742,10.641,0,158114,913236.62,A
35,7/22/11,82.28,3.811,139.7969712,8.684,0,103681,820188.42,B
36,7/22/11,83.31,3.637,214.1713416,8.177,0,39910,361311.41,A
37,7/22/11,83.31,3.651,214.1713416,8.177,0,39910,505543.53,C
38,7/22/11,91.17,3.794,129.1507742,13.503,0,39690,365562.67,C
39,7/22/11,84.6,3.651,214.1713416,8.177,0,184109,1416005.59,A
40,7/22/11,73.34,3.882,135.8738387,4.584,0,155083,980642.1,A
41,7/22/11,74.11,3.545,193.5120367,6.901,0,196321,1292830.93,A
42,7/22/11,88.59,3.697,129.1507742,8.257,0,39690,511316.29,C
43,7/22/11,88.58,3.651,207.2538111,10.641,0,41062,597354.39,C
44,7/22/11,78.5,3.563,129.1507742,6.56,0,39910,303108.81,C
45,7/22/11,82.33,3.811,186.2177885,8.625,0,118221,741625.25,B
1,7/29/11,86.83,3.682,215.4834482,7.962,0,151315,1352219.79,A
2,7/29/11,90.07,3.682,215.1363819,7.852,0,202307,1680693.06,A
3,7/29/11,88.07,3.682,218.8440545,7.567,0,37392,345381.29,B
4,7/29/11,84.36,3.659,129.1677097,5.644,0,205863,1989674.07,A
5,7/29/11,89.42,3.682,216.0464364,6.529,0,34875,275142.17,B
6,7/29/11,90.22,3.682,217.0241507,6.925,0,202505,1483991.05,A
7,7/29/11,56.66,3.547,193.711525,8.622,0,70713,653382.62,B
8,7/29/11,86.46,3.682,218.8910733,6.425,0,155078,807082.19,A
9,7/29/11,91.1,3.682,219.0768548,6.404,0,125833,471449.98,B
10,7/29/11,86.75,3.694,129.1677097,8.257,0,126512,1745841.33,B
11,7/29/11,89.46,3.682,218.8440545,7.567,0,207499,1212938.67,A
12,7/29/11,93.29,3.805,129.1677097,13.503,0,112238,890547.07,B
13,7/29/11,77.62,3.574,129.1677097,6.877,0,219622,1880785.69,A
14,7/29/11,81.31,3.829,186.2955962,8.625,0,200898,1871021.01,A
15,7/29/11,74.67,4.004,135.9639355,7.806,0,123737,577511.02,B
16,7/29/11,66.84,3.547,193.711525,6.338,0,57197,582381.95,B
17,7/29/11,68.59,3.574,129.1677097,6.745,0,93188,861894.77,B
18,7/29/11,73.85,3.898,135.9639355,8.89,0,120653,954148.64,B
19,7/29/11,74.86,4.004,135.9639355,7.806,0,203819,1298775.8,A
20,7/29/11,77.47,3.829,208.6564699,7.274,0,203742,1858440.92,A
21,7/29/11,91.56,3.682,215.1363819,7.852,0,140167,751167.12,B
22,7/29/11,75.32,3.898,139.8933099,8.023,0,119557,944958.69,B
23,7/29/11,69.55,3.898,135.9639355,4.584,0,114533,1319767.55,B
24,7/29/11,74.84,4.004,135.9639355,8.358,0,203819,1310973.06,A
25,7/29/11,74.72,3.829,208.6564699,7.274,0,128107,668390.82,B
26,7/29/11,63.32,3.898,135.9639355,7.767,0,152513,1005360.5,A
27,7/29/11,79.41,4.004,139.8933099,7.85,0,204184,1744879.06,A
28,7/29/11,93.29,3.805,129.1677097,13.503,0,206302,1114530.29,A
29,7/29/11,75.32,3.898,135.9639355,9.863,0,93638,474653.06,B
30,7/29/11,91.56,3.682,215.1363819,7.852,0,42988,414245.96,C
31,7/29/11,91.56,3.682,215.1363819,7.852,0,203750,1308122.15,A
32,7/29/11,75.91,3.547,193.711525,8.622,0,203007,1169988.62,A
33,7/29/11,95.28,3.694,129.1677097,8.442,0,39690,224806.96,A
34,7/29/11,78.04,3.659,129.1677097,10.641,0,158114,851461.9,A
35,7/29/11,79.41,3.829,139.8933099,8.684,0,103681,770820.27,B
36,7/29/11,84.99,3.66,214.2343177,8.177,0,39910,354361.08,A
37,7/29/11,84.99,3.682,214.2343177,8.177,0,39910,504974.95,C
38,7/29/11,93.29,3.805,129.1677097,13.503,0,39690,355131.33,C
39,7/29/11,86.24,3.682,214.2343177,8.177,0,184109,1426418.53,A
40,7/29/11,67.45,3.898,135.9639355,4.584,0,155083,929096.9,A
41,7/29/11,71.3,3.547,193.711525,6.901,0,196321,1248330.1,A
42,7/29/11,86.75,3.694,129.1677097,8.257,0,39690,479256.8,C
43,7/29/11,83.43,3.682,207.313553,10.641,0,41062,533917.52,C
44,7/29/11,77.62,3.574,129.1677097,6.56,0,39910,279677,C
45,7/29/11,81.31,3.829,186.2955962,8.625,0,118221,704680.97,B
1,8/5/11,91.65,3.684,215.544618,7.962,0,151315,1624383.75,A
2,8/5/11,93.34,3.684,215.1978515,7.852,0,202307,1876704.26,A
3,8/5/11,88.45,3.684,218.9023209,7.567,0,37392,409981.25,B
4,8/5/11,86.09,3.662,129.1846452,5.644,0,205863,2160057.39,A
5,8/5/11,91.07,3.684,216.1071198,6.529,0,34875,317738.56,B
6,8/5/11,91.46,3.684,217.0839894,6.925,0,202505,1601584.57,A
7,8/5/11,55.91,3.554,193.9110133,8.622,0,70713,695392.84,B
8,8/5/11,85.15,3.684,218.9492991,6.425,0,155078,892393.77,A
9,8/5/11,91.52,3.684,219.1349201,6.404,0,125833,554879.67,B
10,8/5/11,89.8,3.803,129.1846452,8.257,0,126512,1886299.98,B
11,8/5/11,90.04,3.684,218.9023209,7.567,0,207499,1403198.94,A
12,8/5/11,90.61,3.803,129.1846452,13.503,0,112238,988712.52,B
13,8/5/11,75.56,3.595,129.1846452,6.877,0,219622,2076231.8,A
14,8/5/11,78.22,3.842,186.3734038,8.625,0,200898,2066020.69,A
15,8/5/11,73.63,4.02,136.0540323,7.806,0,123737,607961.21,B
16,8/5/11,63.96,3.554,193.9110133,6.338,0,57197,592981.33,B
17,8/5/11,65.71,3.595,129.1846452,6.745,0,93188,866184.92,B
18,8/5/11,74.58,3.903,136.0540323,8.89,0,120653,1002806.39,B
19,8/5/11,73.84,4.02,136.0540323,7.806,0,203819,1408968.55,A
20,8/5/11,77.8,3.842,208.719238,7.274,0,203742,2189353.63,A
21,8/5/11,94.22,3.684,215.1978515,7.852,0,140167,783614.89,B
22,8/5/11,75.33,3.903,139.9896486,8.023,0,119557,983232.96,B
23,8/5/11,69.53,3.903,136.0540323,4.584,0,114533,1416344.68,B
24,8/5/11,74.64,4.02,136.0540323,8.358,0,203819,1417616.81,A
25,8/5/11,74,3.842,208.719238,7.274,0,128107,679706.01,B
26,8/5/11,63.16,3.903,136.0540323,7.767,0,152513,1107552.43,A
27,8/5/11,78.14,4.02,139.9896486,7.85,0,204184,1747289.53,A
28,8/5/11,90.61,3.803,129.1846452,13.503,0,206302,1523870.89,A
29,8/5/11,75.33,3.903,136.0540323,9.863,0,93638,503486.37,B
30,8/5/11,94.22,3.684,215.1978515,7.852,0,42988,431798.64,C
31,8/5/11,94.22,3.684,215.1978515,7.852,0,203750,1428993.33,A
32,8/5/11,74.83,3.554,193.9110133,8.622,0,203007,1201694.14,A
33,8/5/11,96.93,3.803,129.1846452,8.442,0,39690,242456.39,A
34,8/5/11,76.71,3.662,129.1846452,10.641,0,158114,942236.45,A
35,8/5/11,78.14,3.842,139.9896486,8.684,0,103681,826820.71,B
36,8/5/11,86.71,3.652,214.2972939,8.177,0,39910,381017.75,A
37,8/5/11,86.71,3.684,214.2972939,8.177,0,39910,510787.46,C
38,8/5/11,90.61,3.803,129.1846452,13.503,0,39690,437631.44,C
39,8/5/11,87.73,3.684,214.2972939,8.177,0,184109,1518790.89,A
40,8/5/11,68.1,3.903,136.0540323,4.584,0,155083,1063818.2,A
41,8/5/11,72.19,3.554,193.9110133,6.901,0,196321,1402233.69,A
42,8/5/11,89.8,3.803,129.1846452,8.257,0,39690,572603.33,C
43,8/5/11,87.47,3.684,207.3732949,10.641,0,41062,605956.59,C
44,8/5/11,75.56,3.595,129.1846452,6.56,0,39910,298080.45,C
45,8/5/11,78.22,3.842,186.3734038,8.625,0,118221,765996.92,B
1,8/12/11,90.76,3.638,215.6057878,7.962,0,151315,1525147.09,A
2,8/12/11,91.58,3.638,215.2593211,7.852,0,202307,1812768.26,A
3,8/12/11,88.88,3.638,218.9605873,7.567,0,37392,380376.85,B
4,8/12/11,82.98,3.617,129.2015806,5.644,0,205863,2105668.74,A
5,8/12/11,90.16,3.638,216.1678032,6.529,0,34875,289886.16,B
6,8/12/11,90.49,3.638,217.1438281,6.925,0,202505,1484995.38,A
7,8/12/11,54.56,3.542,194.1105017,8.622,0,70713,670670.46,B
8,8/12/11,86.05,3.638,219.0075249,6.425,0,155078,856796.1,A
9,8/12/11,91.63,3.638,219.1929854,6.404,0,125833,520284.79,B
10,8/12/11,85.61,3.794,129.2015806,8.257,0,126512,1917397.63,B
11,8/12/11,90.3,3.638,218.9605873,7.567,0,207499,1354188.43,A
12,8/12/11,91.04,3.701,129.2015806,13.503,0,112238,955913.68,B
13,8/12/11,75.95,3.606,129.2015806,6.877,0,219622,1970341.38,A
14,8/12/11,77,3.812,186.4512115,8.625,0,200898,1928773.82,A
15,8/12/11,70.63,3.995,136.144129,7.806,0,123737,590836.37,B
16,8/12/11,67.09,3.542,194.1105017,6.338,0,57197,563884.47,B
17,8/12/11,64.79,3.606,129.2015806,6.745,0,93188,800819.79,B
18,8/12/11,73.57,3.88,136.144129,8.89,0,120653,928470.83,B
19,8/12/11,70.92,3.995,136.144129,7.806,0,203819,1360969.45,A
20,8/12/11,73.52,3.812,208.7820061,7.274,0,203742,2052246.4,A
21,8/12/11,92.32,3.638,215.2593211,7.852,0,140167,776933.37,B
22,8/12/11,74.69,3.88,140.0859873,8.023,0,119557,991779.2,B
23,8/12/11,69.86,3.88,136.144129,4.584,0,114533,1380952.05,B
24,8/12/11,72.52,3.995,136.144129,8.358,0,203819,1402818.01,A
25,8/12/11,70.93,3.812,208.7820061,7.274,0,128107,667130.48,B
26,8/12/11,62.99,3.88,136.144129,7.767,0,152513,1087644.5,A
27,8/12/11,76.67,3.995,140.0859873,7.85,0,204184,1758437.96,A
28,8/12/11,91.04,3.701,129.2015806,13.503,0,206302,1218764.94,A
29,8/12/11,74.69,3.88,136.144129,9.863,0,93638,471311.5,B
30,8/12/11,92.32,3.638,215.2593211,7.852,0,42988,412224.67,C
31,8/12/11,92.32,3.638,215.2593211,7.852,0,203750,1443311.49,A
32,8/12/11,74.2,3.542,194.1105017,8.622,0,203007,1206795.74,A
33,8/12/11,96,3.794,129.2015806,8.442,0,39690,274721.85,A
34,8/12/11,80.23,3.617,129.2015806,10.641,0,158114,956251.18,A
35,8/12/11,76.67,3.812,140.0859873,8.684,0,103681,819911.89,B
36,8/12/11,87.64,3.608,214.3602701,8.177,0,39910,380188.69,A
37,8/12/11,87.64,3.638,214.3602701,8.177,0,39910,502504.39,C
38,8/12/11,91.04,3.701,129.2015806,13.503,0,39690,387844.05,C
39,8/12/11,88.27,3.638,214.3602701,8.177,0,184109,1514055.97,A
40,8/12/11,68.3,3.88,136.144129,4.584,0,155083,955506.95,A
41,8/12/11,67.65,3.542,194.1105017,6.901,0,196321,1356689.88,A
42,8/12/11,85.61,3.794,129.2015806,8.257,0,39690,603147.26,C
43,8/12/11,86.64,3.638,207.4330369,10.641,0,41062,595626.56,C
44,8/12/11,75.95,3.606,129.2015806,6.56,0,39910,290399.66,C
45,8/12/11,77,3.812,186.4512115,8.625,0,118221,724180.89,B
1,8/19/11,89.94,3.554,215.6693107,7.962,0,151315,1530761.43,A
2,8/19/11,89.86,3.554,215.3229307,7.852,0,202307,1844094.59,A
3,8/19/11,88.44,3.554,219.023271,7.567,0,37392,379716.91,B
4,8/19/11,82.77,3.55,129.2405806,5.644,0,205863,2232892.1,A
5,8/19/11,89.35,3.554,216.2311855,6.529,0,34875,303643.84,B
6,8/19/11,89.26,3.554,217.2069662,6.925,0,202505,1493544.04,A
7,8/19/11,56.06,3.499,194.2500634,8.622,0,70713,645156.21,B
8,8/19/11,82.92,3.554,219.0701968,6.425,0,155078,895066.5,A
9,8/19/11,85.8,3.554,219.2556109,6.404,0,125833,540819.44,B
10,8/19/11,87.4,3.743,129.2405806,8.257,0,126512,1954849.68,B
11,8/19/11,89.51,3.554,219.023271,7.567,0,207499,1484169.74,A
12,8/19/11,91.74,3.743,129.2405806,13.503,0,112238,966817.24,B
13,8/19/11,76.68,3.578,129.2405806,6.877,0,219622,2090340.98,A
14,8/19/11,72.98,3.747,186.5093071,8.625,0,200898,1896873.99,A
15,8/19/11,70.41,3.942,136.183129,7.806,0,123737,599488.98,B
16,8/19/11,68.83,3.499,194.2500634,6.338,0,57197,554630.42,B
17,8/19/11,67.59,3.578,129.2405806,6.745,0,93188,797523.04,B
18,8/19/11,69.24,3.82,136.183129,8.89,0,120653,932679.79,B
19,8/19/11,71.14,3.942,136.183129,7.806,0,203819,1391792.69,A
20,8/19/11,71.25,3.747,208.8424359,7.274,0,203742,1990017.93,A
21,8/19/11,90.11,3.554,215.3229307,7.852,0,140167,855546.5,B
22,8/19/11,71.3,3.82,140.1289205,8.023,0,119557,973004.91,B
23,8/19/11,67.09,3.82,136.183129,4.584,0,114533,1453416.53,B
24,8/19/11,69.93,3.942,136.183129,8.358,0,203819,1352039.88,A
25,8/19/11,68.09,3.747,208.8424359,7.274,0,128107,688958.75,B
26,8/19/11,60.58,3.82,136.183129,7.767,0,152513,1021766.75,A
27,8/19/11,72.97,3.942,140.1289205,7.85,0,204184,1781905.24,A
28,8/19/11,91.74,3.743,129.2405806,13.503,0,206302,1200019.74,A
29,8/19/11,71.3,3.82,136.183129,9.863,0,93638,498056,B
30,8/19/11,90.11,3.554,215.3229307,7.852,0,42988,414450.61,C
31,8/19/11,90.11,3.554,215.3229307,7.852,0,203750,1487542.53,A
32,8/19/11,73.72,3.499,194.2500634,8.622,0,203007,1221318.17,A
33,8/19/11,95.89,3.743,129.2405806,8.442,0,39690,242771.37,A
34,8/19/11,77.08,3.55,129.2405806,10.641,0,158114,960418.54,A
35,8/19/11,72.97,3.747,140.1289205,8.684,0,103681,820288.35,B
36,8/19/11,87.24,3.534,214.4239935,8.177,0,39910,373267.58,A
37,8/19/11,87.24,3.554,214.4239935,8.177,0,39910,506897.98,C
38,8/19/11,91.74,3.743,129.2405806,13.503,0,39690,362224.7,C
39,8/19/11,87.93,3.554,214.4239935,8.177,0,184109,1629066.9,A
40,8/19/11,64.05,3.82,136.183129,4.584,0,155083,943237.12,A
41,8/19/11,70.55,3.499,194.2500634,6.901,0,196321,1412959.97,A
42,8/19/11,87.4,3.743,129.2405806,8.257,0,39690,526641.23,C
43,8/19/11,82.08,3.554,207.4953088,10.641,0,41062,663396.32,C
44,8/19/11,76.68,3.578,129.2405806,6.56,0,39910,290909.69,C
45,8/19/11,72.98,3.747,186.5093071,8.625,0,118221,712362.72,B
1,8/26/11,87.96,3.523,215.7332258,7.962,0,151315,1464693.46,A
2,8/26/11,90.45,3.523,215.386897,7.852,0,202307,1821139.91,A
3,8/26/11,87.67,3.523,219.0866908,7.567,0,37392,366367.55,B
4,8/26/11,81.47,3.523,129.2832581,5.644,0,205863,1988490.21,A
5,8/26/11,89.18,3.523,216.2950176,6.529,0,34875,310338.17,B
6,8/26/11,90.07,3.523,217.2706543,6.925,0,202505,1420405.41,A
7,8/26/11,57.6,3.485,194.3796374,8.622,0,70713,629994.47,B
8,8/26/11,84.69,3.523,219.1336097,6.425,0,155078,912542.82,A
9,8/26/11,88.95,3.523,219.3189965,6.404,0,125833,542663.53,B
10,8/26/11,91.59,3.663,129.2832581,8.257,0,126512,1728399.07,B
11,8/26/11,89.09,3.523,219.0866908,7.567,0,207499,1304706.75,A
12,8/26/11,94.61,3.74,129.2832581,13.503,0,112238,1017593.47,B
13,8/26/11,81.53,3.57,129.2832581,6.877,0,219622,2035244.54,A
14,8/26/11,72.55,3.704,186.5641172,8.625,0,200898,2273470.62,A
15,8/26/11,69.19,3.906,136.2136129,7.806,0,123737,605413.17,B
16,8/26/11,67.51,3.485,194.3796374,6.338,0,57197,557312.01,B
17,8/26/11,72.04,3.57,129.2832581,6.745,0,93188,837390.79,B
18,8/26/11,70.32,3.796,136.2136129,8.89,0,120653,1147906.46,B
19,8/26/11,69.34,3.906,136.2136129,7.806,0,203819,1547729.24,A
20,8/26/11,70.15,3.704,208.902476,7.274,0,203742,1933577.2,A
21,8/26/11,92.07,3.523,215.386897,7.852,0,140167,821127.53,B
22,8/26/11,72.22,3.796,140.1629528,8.023,0,119557,1181815.31,B
23,8/26/11,67.04,3.796,136.2136129,4.584,0,114533,1637266.29,B
24,8/26/11,69.94,3.906,136.2136129,8.358,0,203819,1402372.09,A
25,8/26/11,66.8,3.704,208.902476,7.274,0,128107,726422.55,B
26,8/26/11,61.1,3.796,136.2136129,7.767,0,152513,1064617.62,A
27,8/26/11,72.88,3.906,140.1629528,7.85,0,204184,2034400.78,A
28,8/26/11,94.61,3.74,129.2832581,13.503,0,206302,1166479.51,A
29,8/26/11,72.22,3.796,136.2136129,9.863,0,93638,608294.98,B
30,8/26/11,92.07,3.523,215.386897,7.852,0,42988,387944.83,C
31,8/26/11,92.07,3.523,215.386897,7.852,0,203750,1417267.07,A
32,8/26/11,75.64,3.485,194.3796374,8.622,0,203007,1183740.91,A
33,8/26/11,99.66,3.663,129.2832581,8.442,0,39690,237095.82,A
34,8/26/11,77.27,3.523,129.2832581,10.641,0,158114,871404.6,A
35,8/26/11,72.88,3.704,140.1629528,8.684,0,103681,897037.25,B
36,8/26/11,86.02,3.501,214.4878416,8.177,0,39910,344964.2,A
37,8/26/11,86.02,3.523,214.4878416,8.177,0,39910,527947.21,C
38,8/26/11,94.61,3.74,129.2832581,13.503,0,39690,365672.55,C
39,8/26/11,86.49,3.523,214.4878416,8.177,0,184109,1573898.63,A
40,8/26/11,65.01,3.796,136.2136129,4.584,0,155083,969611.3,A
41,8/26/11,71.61,3.485,194.3796374,6.901,0,196321,1328740.71,A
42,8/26/11,91.59,3.663,129.2832581,8.257,0,39690,503720.98,C
43,8/26/11,87.43,3.523,207.5580023,10.641,0,41062,561573.08,C
44,8/26/11,81.53,3.57,129.2832581,6.56,0,39910,324174.79,C
45,8/26/11,72.55,3.704,186.5641172,8.625,0,118221,833979.01,B
1,9/2/11,87.83,3.533,215.7971409,7.962,0,151315,1550229.22,A
2,9/2/11,89.64,3.533,215.4508632,7.852,0,202307,1809119.7,A
3,9/2/11,89.12,3.533,219.1501106,7.567,0,37392,375988.69,B
4,9/2/11,77.99,3.533,129.3259355,5.644,0,205863,2078420.31,A
5,9/2/11,90.38,3.533,216.3588498,6.529,0,34875,315645.53,B
6,9/2/11,91.22,3.533,217.3343423,6.925,0,202505,1481618.74,A
7,9/2/11,53.4,3.511,194.5092113,8.622,0,70713,592355.24,B
8,9/2/11,84.77,3.533,219.1970226,6.425,0,155078,891387.14,A
9,9/2/11,89.33,3.533,219.382382,6.404,0,125833,544643.33,B
10,9/2/11,91.61,3.798,129.3259355,8.257,0,126512,1758587.35,B
11,9/2/11,91.44,3.533,219.1501106,7.567,0,207499,1297792.41,A
12,9/2/11,93.66,3.798,129.3259355,13.503,0,112238,1052051.45,B
13,9/2/11,77,3.58,129.3259355,6.877,0,219622,1953628.82,A
14,9/2/11,70.63,3.703,186.6189274,8.625,0,200898,1750891.47,A
15,9/2/11,67.63,3.879,136.2440968,7.806,0,123737,649159.68,B
16,9/2/11,63.44,3.511,194.5092113,6.338,0,57197,580805.33,B
17,9/2/11,69.31,3.58,129.3259355,6.745,0,93188,847380.07,B
18,9/2/11,68.23,3.784,136.2440968,8.89,0,120653,540922.94,B
19,9/2/11,69.27,3.879,136.2440968,7.806,0,203819,1609951.02,A
20,9/2/11,70.82,3.703,208.9625161,7.274,0,203742,2141765.98,A
21,9/2/11,91.94,3.533,215.4508632,7.852,0,140167,705557.8,B
22,9/2/11,69.16,3.784,140.196985,8.023,0,119557,912762.76,B
23,9/2/11,65.33,3.784,136.2440968,4.584,0,114533,1464295.69,B
24,9/2/11,68.14,3.879,136.2440968,8.358,0,203819,1196105.44,A
25,9/2/11,67.2,3.703,208.9625161,7.274,0,128107,699779,B
26,9/2/11,59.67,3.784,136.2440968,7.767,0,152513,1040143.14,A
27,9/2/11,71.44,3.879,140.196985,7.85,0,204184,1511717.53,A
28,9/2/11,93.66,3.798,129.3259355,13.503,0,206302,1468871.49,A
29,9/2/11,69.16,3.784,136.2440968,9.863,0,93638,497085.91,B
30,9/2/11,91.94,3.533,215.4508632,7.852,0,42988,369722.32,C
31,9/2/11,91.94,3.533,215.4508632,7.852,0,203750,1385769.03,A
32,9/2/11,74.6,3.511,194.5092113,8.622,0,203007,1152117.5,A
33,9/2/11,99.2,3.798,129.3259355,8.442,0,39690,239198.36,A
34,9/2/11,78.24,3.533,129.3259355,10.641,0,158114,926455.64,A
35,9/2/11,71.44,3.703,140.196985,8.684,0,103681,813486.55,B
36,9/2/11,87.5,3.481,214.5516896,8.177,0,39910,350276.29,A
37,9/2/11,87.5,3.533,214.5516896,8.177,0,39910,530367.83,C
38,9/2/11,93.66,3.798,129.3259355,13.503,0,39690,416953.51,C
39,9/2/11,88.65,3.533,214.5516896,8.177,0,184109,1465089.85,A
40,9/2/11,63.79,3.784,136.2440968,4.584,0,155083,957298.26,A
41,9/2/11,70.37,3.511,194.5092113,6.901,0,196321,1283849.38,A
42,9/2/11,91.61,3.798,129.3259355,8.257,0,39690,537124.76,C
43,9/2/11,87.84,3.533,207.6206959,10.641,0,41062,594224.9,C
44,9/2/11,77,3.58,129.3259355,6.56,0,39910,309543.52,C
45,9/2/11,70.63,3.703,186.6189274,8.625,0,118221,726482.39,B
1,9/9/11,76,3.546,215.861056,7.962,1,151315,1540471.24,A
2,9/9/11,77.97,3.546,215.5148295,7.852,1,202307,1748000.65,A
3,9/9/11,81.72,3.546,219.2135305,7.567,1,37392,377347.49,B
4,9/9/11,73.34,3.554,129.3686129,5.644,1,205863,2093139.01,A
5,9/9/11,79.04,3.546,216.4226819,6.529,1,34875,321110.22,B
6,9/9/11,80.21,3.546,217.3980304,6.925,1,202505,1483574.38,A
7,9/9/11,45.61,3.566,194.6387853,8.622,1,70713,613135.23,B
8,9/9/11,69.01,3.546,219.2604355,6.425,1,155078,848358.09,A
9,9/9/11,75.65,3.546,219.4457675,6.404,1,125833,528784.86,B
10,9/9/11,89.06,3.771,129.3686129,8.257,1,126512,1670579.82,B
11,9/9/11,84.91,3.546,219.2135305,7.567,1,207499,1249439.95,A
12,9/9/11,88,3.913,129.3686129,13.503,1,112238,922850.57,B
13,9/9/11,70.19,3.619,129.3686129,6.877,1,219622,1872921.31,A
14,9/9/11,71.48,3.738,186.6737376,8.625,1,200898,2202742.9,A
15,9/9/11,67.59,3.93,136.2745806,7.806,1,123737,607593.51,B
16,9/9/11,56.99,3.566,194.6387853,6.338,1,57197,574622.56,B
17,9/9/11,61.94,3.619,129.3686129,6.745,1,93188,1161900.18,B
18,9/9/11,68.11,3.809,136.2745806,8.89,1,120653,951549.61,B
19,9/9/11,68.28,3.93,136.2745806,7.806,1,203819,1566712.79,A
20,9/9/11,68.74,3.738,209.0225562,7.274,1,203742,2050542.56,A
21,9/9/11,78.87,3.546,215.5148295,7.852,1,140167,653989.65,B
22,9/9/11,69.14,3.809,140.2310173,8.023,1,119557,1004434.54,B
23,9/9/11,66.04,3.809,136.2745806,4.584,1,114533,1423289.9,B
24,9/9/11,68.32,3.93,136.2745806,8.358,1,203819,1527455.19,A
25,9/9/11,67.51,3.738,209.0225562,7.274,1,128107,673248.48,B
26,9/9/11,60.98,3.809,136.2745806,7.767,1,152513,1069710.97,A
27,9/9/11,70.93,3.93,140.2310173,7.85,1,204184,1911470.84,A
28,9/9/11,88,3.913,129.3686129,13.503,1,206302,1310087,A
29,9/9/11,69.14,3.809,136.2745806,9.863,1,93638,505406.72,B
30,9/9/11,78.87,3.546,215.5148295,7.852,1,42988,370897.82,C
31,9/9/11,78.87,3.546,215.5148295,7.852,1,203750,1376670.27,A
32,9/9/11,61.24,3.566,194.6387853,8.622,1,203007,1128237.3,A
33,9/9/11,96.22,3.771,129.3686129,8.442,1,39690,281842.28,A
34,9/9/11,70.05,3.554,129.3686129,10.641,1,158114,930506.14,A
35,9/9/11,70.93,3.738,140.2310173,8.684,1,103681,922440.64,B
36,9/9/11,77.94,3.499,214.6155376,8.177,1,39910,352960.64,A
37,9/9/11,77.94,3.546,214.6155376,8.177,1,39910,506273.74,C
38,9/9/11,88,3.913,129.3686129,13.503,1,39690,397771.68,C
39,9/9/11,79.15,3.546,214.6155376,8.177,1,184109,1429345.86,A
40,9/9/11,64.83,3.809,136.2745806,4.584,1,155083,1021391.99,A
41,9/9/11,58.31,3.566,194.6387853,6.901,1,196321,1280958.97,A
42,9/9/11,89.06,3.771,129.3686129,8.257,1,39690,608390.94,C
43,9/9/11,79.29,3.546,207.6833894,10.641,1,41062,649128.23,C
44,9/9/11,70.19,3.619,129.3686129,6.56,1,39910,295811.25,C
45,9/9/11,71.48,3.738,186.6737376,8.625,1,118221,746129.56,B
1,9/16/11,79.94,3.526,216.0410526,7.962,0,151315,1514259.78,A
2,9/16/11,78.85,3.526,215.6944378,7.852,0,202307,1691439.52,A
3,9/16/11,83.63,3.526,219.3972867,7.567,0,37392,375629.51,B
4,9/16/11,72.76,3.532,129.4306,5.644,0,205863,2075577.33,A
5,9/16/11,83.55,3.526,216.6033083,6.529,0,34875,278529.71,B
6,9/16/11,84.94,3.526,217.5797506,6.925,0,202505,1351407.79,A
7,9/16/11,43.67,3.596,194.7419707,8.622,0,70713,558981.45,B
8,9/16/11,69.09,3.526,219.4442443,6.425,0,155078,870971.82,A
9,9/16/11,77.95,3.526,219.6297841,6.404,0,125833,500274.03,B
10,9/16/11,77.49,3.784,129.4306,8.257,0,126512,1650894.3,B
11,9/16/11,85.11,3.526,219.3972867,7.567,0,207499,1270816.01,A
12,9/16/11,76.36,3.918,129.4306,13.503,0,112238,889290.23,B
13,9/16/11,67.54,3.641,129.4306,6.877,0,219622,1923223.82,A
14,9/16/11,69.17,3.742,186.8024,8.625,0,200898,1864637.89,A
15,9/16/11,62.1,3.937,136.3145,7.806,0,123737,545052.34,B
16,9/16/11,53.68,3.596,194.7419707,6.338,0,57197,539081.09,B
17,9/16/11,61.48,3.641,129.4306,6.745,0,93188,1051116.95,B
18,9/16/11,66.23,3.809,136.3145,8.89,0,120653,845715.37,B
19,9/16/11,62.76,3.937,136.3145,7.806,0,203819,1365633.53,A
20,9/16/11,64.02,3.742,209.1893892,7.274,0,203742,1979009.46,A
21,9/16/11,80.62,3.526,215.6944378,7.852,0,140167,653525.84,B
22,9/16/11,68.08,3.809,140.2735,8.023,0,119557,937420.65,B
23,9/16/11,60.52,3.809,136.3145,4.584,0,114533,1253329.17,B
24,9/16/11,65.56,3.937,136.3145,8.358,0,203819,1227535.97,A
25,9/16/11,62.05,3.742,209.1893892,7.274,0,128107,628720.46,B
26,9/16/11,55.19,3.809,136.3145,7.767,0,152513,951569.84,A
27,9/16/11,69.65,3.937,140.2735,7.85,0,204184,1613773.9,A
28,9/16/11,76.36,3.918,129.4306,13.503,0,206302,1159212.1,A
29,9/16/11,68.08,3.809,136.3145,9.863,0,93638,474129.35,B
30,9/16/11,80.62,3.526,215.6944378,7.852,0,42988,382914.66,C
31,9/16/11,80.62,3.526,215.6944378,7.852,0,203750,1363460.86,A
32,9/16/11,60.88,3.596,194.7419707,8.622,0,203007,1142499.25,A
33,9/16/11,85.79,3.784,129.4306,8.442,0,39690,262407.57,A
34,9/16/11,64.94,3.532,129.4306,10.641,0,158114,927249.61,A
35,9/16/11,69.65,3.742,140.2735,8.684,0,103681,738792.11,B
36,9/16/11,82.06,3.473,214.7934111,8.177,0,39910,343108.12,A
37,9/16/11,82.06,3.526,214.7934111,8.177,0,39910,513341.94,C
38,9/16/11,76.36,3.918,129.4306,13.503,0,39690,408188.88,C
39,9/16/11,83.11,3.526,214.7934111,8.177,0,184109,1372500.63,A
40,9/16/11,58.28,3.809,136.3145,4.584,0,155083,890661.79,A
41,9/16/11,54.82,3.596,194.7419707,6.901,0,196321,1197019.39,A
42,9/16/11,77.49,3.784,129.4306,8.257,0,39690,576837.09,C
43,9/16/11,77.17,3.526,207.8527143,10.641,0,41062,618877.13,C
44,9/16/11,67.54,3.641,129.4306,6.56,0,39910,303974.28,C
45,9/16/11,69.17,3.742,186.8024,8.625,0,118221,711367.56,B
1,9/23/11,75.8,3.467,216.3758246,7.962,0,151315,1380020.27,A
2,9/23/11,75.58,3.467,216.0282356,7.852,0,202307,1669299.78,A
3,9/23/11,80.19,3.467,219.7414914,7.567,0,37392,365248.94,B
4,9/23/11,69.23,3.473,129.5183333,5.644,0,205863,2031406.41,A
5,9/23/11,78.01,3.467,216.9396605,6.529,0,34875,291024.98,B
6,9/23/11,78.49,3.467,217.9188471,6.925,0,202505,1336044.75,A
7,9/23/11,43.67,3.581,194.8099713,8.622,0,70713,536144.81,B
8,9/23/11,68.72,3.467,219.788581,6.425,0,155078,806444.29,A
9,9/23/11,74.42,3.467,219.9746423,6.404,0,125833,506743.78,B
10,9/23/11,82.51,3.789,129.5183333,8.257,0,126512,1685910.53,B
11,9/23/11,82.14,3.467,219.7414914,7.567,0,207499,1235775.15,A
12,9/23/11,82.95,3.789,129.5183333,13.503,0,112238,871692.74,B
13,9/23/11,63.6,3.648,129.5183333,6.877,0,219622,1847430.96,A
14,9/23/11,63.75,3.711,187.0295321,8.625,0,200898,1871555.64,A
15,9/23/11,59,3.899,136.367,7.806,0,123737,545570.86,B
16,9/23/11,50.39,3.581,194.8099713,6.338,0,57197,504856.97,B
17,9/23/11,56.96,3.648,129.5183333,6.745,0,93188,895535.31,B
18,9/23/11,60.44,3.758,136.367,8.89,0,120653,853073.17,B
19,9/23/11,61.32,3.899,136.367,7.806,0,203819,1300375.76,A
20,9/23/11,62.15,3.711,209.4986126,7.274,0,203742,1888119.7,A
21,9/23/11,75.68,3.467,216.0282356,7.852,0,140167,681913.29,B
22,9/23/11,62.36,3.758,140.32725,8.023,0,119557,899834.75,B
23,9/23/11,57.14,3.758,136.367,4.584,0,114533,1289082.81,B
24,9/23/11,60.61,3.899,136.367,8.358,0,203819,1232376.49,A
25,9/23/11,60.28,3.711,209.4986126,7.274,0,128107,620885.93,B
26,9/23/11,50.72,3.758,136.367,7.767,0,152513,923644.6,A
27,9/23/11,63.61,3.899,140.32725,7.85,0,204184,1606208.68,A
28,9/23/11,82.95,3.789,129.5183333,13.503,0,206302,1109105.92,A
29,9/23/11,62.36,3.758,136.367,9.863,0,93638,475696.37,B
30,9/23/11,75.68,3.467,216.0282356,7.852,0,42988,391837.56,C
31,9/23/11,75.68,3.467,216.0282356,7.852,0,203750,1347607.74,A
32,9/23/11,58.66,3.581,194.8099713,8.622,0,203007,1116140.29,A
33,9/23/11,88.93,3.789,129.5183333,8.442,0,39690,234793.12,A
34,9/23/11,66.23,3.473,129.5183333,10.641,0,158114,902852.73,A
35,9/23/11,63.61,3.711,140.32725,8.684,0,103681,705802.45,B
36,9/23/11,78.35,3.441,215.1233185,8.177,0,39910,322405.13,A
37,9/23/11,78.35,3.467,215.1233185,8.177,0,39910,516556.94,C
38,9/23/11,82.95,3.789,129.5183333,13.503,0,39690,394665.28,C
39,9/23/11,78.75,3.467,215.1233185,8.177,0,184109,1338657.95,A
40,9/23/11,54.09,3.758,136.367,4.584,0,155083,876583.98,A
41,9/23/11,55.06,3.581,194.8099713,6.901,0,196321,1173059.79,A
42,9/23/11,82.51,3.789,129.5183333,8.257,0,39690,528486.45,C
43,9/23/11,78.98,3.467,208.1642143,10.641,0,41062,586108.13,C
44,9/23/11,63.6,3.648,129.5183333,6.56,0,39910,307409.13,C
45,9/23/11,63.75,3.711,187.0295321,8.625,0,118221,714106.42,B
1,9/30/11,79.69,3.355,216.7105965,7.962,0,151315,1394561.83,A
2,9/30/11,78.14,3.355,216.3620333,7.852,0,202307,1650394.44,A
3,9/30/11,82.58,3.355,220.085696,7.567,0,37392,368477.93,B
4,9/30/11,72.15,3.371,129.6060667,5.644,0,205863,1929486.63,A
5,9/30/11,81.16,3.355,217.2760127,6.529,0,34875,292315.38,B
6,9/30/11,82.51,3.355,218.2579435,6.925,0,202505,1307551.92,A
7,9/30/11,47.34,3.538,194.8779718,8.622,0,70713,488880.26,B
8,9/30/11,72.2,3.355,220.1329176,6.425,0,155078,809049.37,A
9,9/30/11,78.45,3.355,220.3195004,6.404,0,125833,508567.04,B
10,9/30/11,82.27,3.877,129.6060667,8.257,0,126512,1627707.31,B
11,9/30/11,84.4,3.355,220.085696,7.567,0,207499,1190515.83,A
12,9/30/11,83.26,3.877,129.6060667,13.503,0,112238,866401.45,B
13,9/30/11,68.28,3.623,129.6060667,6.877,0,219622,1835662.69,A
14,9/30/11,70.66,3.645,187.2566641,8.625,0,200898,1809989.29,A
15,9/30/11,64.87,3.858,136.4195,7.806,0,123737,521297.31,B
16,9/30/11,57.61,3.538,194.8779718,6.338,0,57197,450075.31,B
17,9/30/11,61.4,3.623,129.6060667,6.745,0,93188,868191.05,B
18,9/30/11,69.01,3.684,136.4195,8.89,0,120653,847348.08,B
19,9/30/11,64.99,3.858,136.4195,7.806,0,203819,1330757.22,A
20,9/30/11,63.44,3.645,209.807836,7.274,0,203742,1945808.26,A
21,9/30/11,78.91,3.355,216.3620333,7.852,0,140167,651970.48,B
22,9/30/11,69.78,3.684,140.381,8.023,0,119557,953314.16,B
23,9/30/11,64.76,3.684,136.4195,4.584,0,114533,1275597.85,B
24,9/30/11,68,3.858,136.4195,8.358,0,203819,1246242.61,A
25,9/30/11,60.7,3.645,209.807836,7.274,0,128107,639160.24,B
26,9/30/11,59.42,3.684,136.4195,7.767,0,152513,959339.51,A
27,9/30/11,70.92,3.858,140.381,7.85,0,204184,1599626.26,A
28,9/30/11,83.26,3.877,129.6060667,13.503,0,206302,1120731.76,A
29,9/30/11,69.78,3.684,136.4195,9.863,0,93638,446516.26,B
30,9/30/11,78.91,3.355,216.3620333,7.852,0,42988,387001.13,C
31,9/30/11,78.91,3.355,216.3620333,7.852,0,203750,1285534.74,A
32,9/30/11,65.04,3.538,194.8779718,8.622,0,203007,1088943.98,A
33,9/30/11,89.1,3.877,129.6060667,8.442,0,39690,229731.98,A
34,9/30/11,69.44,3.371,129.6060667,10.641,0,158114,871847.85,A
35,9/30/11,70.92,3.645,140.381,8.684,0,103681,749676.95,B
36,9/30/11,81.52,3.328,215.4532259,8.177,0,39910,314910.37,A
37,9/30/11,81.52,3.355,215.4532259,8.177,0,39910,516402.1,C
38,9/30/11,83.26,3.877,129.6060667,13.503,0,39690,366819.84,C
39,9/30/11,81.51,3.355,215.4532259,8.177,0,184109,1311775.83,A
40,9/30/11,63.45,3.684,136.4195,4.584,0,155083,912857.1,A
41,9/30/11,61.77,3.538,194.8779718,6.901,0,196321,1160619.61,A
42,9/30/11,82.27,3.877,129.6060667,8.257,0,39690,510243.79,C
43,9/30/11,78.97,3.355,208.4757143,10.641,0,41062,555183.72,C
44,9/30/11,68.28,3.623,129.6060667,6.56,0,39910,299757.75,C
45,9/30/11,70.66,3.645,187.2566641,8.625,0,118221,698986.34,B
1,10/7/11,69.31,3.285,217.0453684,7.866,0,151315,1630989.95,A
2,10/7/11,69.92,3.285,216.6958311,7.441,0,202307,1837553.43,A
3,10/7/11,75.54,3.285,220.4299007,7.197,0,37392,403342.4,B
4,10/7/11,65.79,3.299,129.6938,5.143,0,205863,2166737.65,A
5,10/7/11,71.64,3.285,217.6123648,6.3,0,34875,309111.47,B
6,10/7/11,74.1,3.285,218.59704,6.551,0,202505,1481739.2,A
7,10/7/11,40.65,3.498,194.9459724,8.513,0,70713,525866.36,B
8,10/7/11,67.61,3.285,220.4772543,6.123,0,155078,929976.55,A
9,10/7/11,72.62,3.285,220.6643585,6.054,0,125833,553836.98,B
10,10/7/11,75.01,3.827,129.6938,7.874,0,126512,1788227.6,B
11,10/7/11,76.97,3.285,220.4299007,7.197,0,207499,1346271.06,A
12,10/7/11,70.44,3.827,129.6938,12.89,0,112238,951244.66,B
13,10/7/11,60.62,3.592,129.6938,6.392,0,219622,2067232.56,A
14,10/7/11,55.82,3.583,187.4837962,8.523,0,200898,2078796.76,A
15,10/7/11,51.24,3.775,136.472,7.866,0,123737,579068.88,B
16,10/7/11,48.91,3.498,194.9459724,6.232,0,57197,482926.93,B
17,10/7/11,54.4,3.592,129.6938,6.617,0,93188,918006.9,B
18,10/7/11,54.65,3.633,136.472,8.471,0,120653,1019741.1,B
19,10/7/11,53.1,3.775,136.472,7.866,0,203819,1461718.87,A
20,10/7/11,52.42,3.583,210.1170595,7.082,0,203742,2135982.79,A
21,10/7/11,71.64,3.285,216.6958311,7.441,0,140167,663452.46,B
22,10/7/11,56.44,3.633,140.43475,7.706,0,119557,993436.67,B
23,10/7/11,49,3.633,136.472,4.42,0,114533,1463501.99,B
24,10/7/11,53.87,3.775,136.472,8.454,0,203819,1405914.39,A
25,10/7/11,50.82,3.583,210.1170595,7.082,0,128107,671522.87,B
26,10/7/11,46.84,3.633,136.472,7.598,0,152513,1130022.99,A
27,10/7/11,56.91,3.775,140.43475,7.906,0,204184,1672339.27,A
28,10/7/11,70.44,3.827,129.6938,12.89,0,206302,1557314.58,A
29,10/7/11,56.44,3.633,136.472,9.357,0,93638,514993,B
30,10/7/11,71.64,3.285,216.6958311,7.441,0,42988,417528.26,C
31,10/7/11,71.64,3.285,216.6958311,7.441,0,203750,1427383.24,A
32,10/7/11,62.62,3.498,194.9459724,8.513,0,203007,1149448.02,A
33,10/7/11,81.16,3.827,129.6938,8.01,0,39690,262159.13,A
34,10/7/11,60.42,3.299,129.6938,10.148,0,158114,954069.45,A
35,10/7/11,56.91,3.583,140.43475,8.745,0,103681,791637.53,B
36,10/7/11,71.2,3.262,215.7831333,7.716,0,39910,346137.87,A
37,10/7/11,71.2,3.285,215.7831333,7.716,0,39910,522816.85,C
38,10/7/11,70.44,3.827,129.6938,12.89,0,39690,449516.29,C
39,10/7/11,71.68,3.285,215.7831333,7.716,0,184109,1443884.39,A
40,10/7/11,50.21,3.633,136.472,4.42,0,155083,1070389.98,A
41,10/7/11,58.74,3.498,194.9459724,6.759,0,196321,1277882.77,A
42,10/7/11,75.01,3.827,129.6938,7.874,0,39690,649111.23,C
43,10/7/11,74.17,3.285,208.7872143,10.148,0,41062,642828.62,C
44,10/7/11,60.62,3.592,129.6938,6.078,0,39910,312577.36,C
45,10/7/11,55.82,3.583,187.4837962,8.523,0,118221,753447.05,B
1,10/14/11,71.74,3.274,217.3552733,7.866,0,151315,1493525.93,A
2,10/14/11,71.67,3.274,217.0048261,7.441,0,202307,1743882.19,A
3,10/14/11,73.75,3.274,220.7486167,7.197,0,37392,368282.57,B
4,10/14/11,63.75,3.283,129.7706452,5.143,0,205863,2074548.85,A
5,10/14/11,72.36,3.274,217.9237458,6.3,0,34875,286117.72,B
6,10/14/11,71.24,3.274,218.9109844,6.551,0,202505,1386520.99,A
7,10/14/11,32.65,3.491,195.0261012,8.513,0,70713,501959.19,B
8,10/14/11,61.74,3.274,220.7960935,6.123,0,155078,863188.26,A
9,10/14/11,67.27,3.274,220.9836849,6.054,0,125833,529515.66,B
10,10/14/11,70.27,3.698,129.7706452,7.874,0,126512,1704753.02,B
11,10/14/11,75.56,3.274,220.7486167,7.197,0,207499,1286388.96,A
12,10/14/11,67.31,3.805,129.7706452,12.89,0,112238,927600.01,B
13,10/14/11,51.74,3.567,129.7706452,6.392,0,219622,1929659.07,A
14,10/14/11,63.82,3.541,187.6917481,8.523,0,200898,1890870.75,A
15,10/14/11,61.3,3.744,136.5150968,7.866,0,123737,537300.94,B
16,10/14/11,39.97,3.491,195.0261012,6.232,0,57197,498241.06,B
17,10/14/11,47.69,3.567,129.7706452,6.617,0,93188,884042.63,B
18,10/14/11,60.26,3.583,136.5150968,8.471,0,120653,953533.95,B
19,10/14/11,61.86,3.744,136.5150968,7.866,0,203819,1318905.53,A
20,10/14/11,62.54,3.541,210.4027602,7.082,0,203742,2010107.68,A
21,10/14/11,69.79,3.274,217.0048261,7.441,0,140167,671379.44,B
22,10/14/11,62.63,3.583,140.4784194,7.706,0,119557,944337.32,B
23,10/14/11,56.79,3.583,136.5150968,4.42,0,114533,1257778.34,B
24,10/14/11,60.21,3.744,136.5150968,8.454,0,203819,1333315.03,A
25,10/14/11,58.95,3.541,210.4027602,7.082,0,128107,646915.47,B
26,10/14/11,53.91,3.583,136.5150968,7.598,0,152513,987886.08,A
27,10/14/11,64.78,3.744,140.4784194,7.906,0,204184,1682652.51,A
28,10/14/11,67.31,3.805,129.7706452,12.89,0,206302,1220984.94,A
29,10/14/11,62.63,3.583,136.5150968,9.357,0,93638,475776.45,B
30,10/14/11,69.79,3.274,217.0048261,7.441,0,42988,410711.99,C
31,10/14/11,69.79,3.274,217.0048261,7.441,0,203750,1378340.18,A
32,10/14/11,50.15,3.491,195.0261012,8.513,0,203007,1175420.26,A
33,10/14/11,76.49,3.698,129.7706452,8.01,0,39690,272487.33,A
34,10/14/11,54.72,3.283,129.7706452,10.148,0,158114,911788.79,A
35,10/14/11,64.78,3.541,140.4784194,8.745,0,103681,772859.25,B
36,10/14/11,74.16,3.234,216.0885258,7.716,0,39910,342076.99,A
37,10/14/11,74.16,3.274,216.0885258,7.716,0,39910,513636.01,C
38,10/14/11,67.31,3.805,129.7706452,12.89,0,39690,400430.78,C
39,10/14/11,73.79,3.274,216.0885258,7.716,0,184109,1384721.84,A
40,10/14/11,53.9,3.583,136.5150968,4.42,0,155083,936751.68,A
41,10/14/11,47.43,3.491,195.0261012,6.759,0,196321,1247130.22,A
42,10/14/11,70.27,3.698,129.7706452,7.874,0,39690,613531.11,C
43,10/14/11,68.09,3.274,209.0752166,10.148,0,41062,590984.56,C
44,10/14/11,51.74,3.567,129.7706452,6.078,0,39910,293031.78,C
45,10/14/11,63.82,3.541,187.6917481,8.523,0,118221,720946.99,B
1,10/21/11,63.71,3.353,217.5159762,7.866,0,151315,1502562.78,A
2,10/21/11,64.53,3.353,217.1650042,7.441,0,202307,1834680.25,A
3,10/21/11,69.03,3.353,220.9144005,7.197,0,37392,394976.36,B
4,10/21/11,64.79,3.361,129.7821613,5.143,0,205863,2207742.13,A
5,10/21/11,66.9,3.353,218.0852999,6.3,0,34875,306069.18,B
6,10/21/11,68.53,3.353,219.0740167,6.551,0,202505,1417922.37,A
7,10/21/11,37.49,3.548,195.1789994,8.513,0,70713,558691.43,B
8,10/21/11,59.97,3.353,220.9619484,6.123,0,155078,905984.49,A
9,10/21/11,65.46,3.353,221.1498206,6.054,0,125833,557075.21,B
10,10/21/11,77.91,3.842,129.7821613,7.874,0,126512,1745928.56,B
11,10/21/11,70.91,3.353,220.9144005,7.197,0,207499,1325107.53,A
12,10/21/11,73.05,3.842,129.7821613,12.89,0,112238,938604.58,B
13,10/21/11,54.66,3.579,129.7821613,6.392,0,219622,1973544.27,A
14,10/21/11,59.6,3.57,187.7846197,8.523,0,200898,2009004.59,A
15,10/21/11,51.67,3.757,136.5017742,7.866,0,123737,603318.89,B
16,10/21/11,46.99,3.548,195.1789994,6.232,0,57197,560104.16,B
17,10/21/11,47.27,3.579,129.7821613,6.617,0,93188,877380.22,B
18,10/21/11,55.83,3.618,136.5017742,8.471,0,120653,1048212.62,B
19,10/21/11,52.05,3.757,136.5017742,7.866,0,203819,1374863.1,A
20,10/21/11,53.69,3.57,210.5473252,7.082,0,203742,2104241.9,A
21,10/21/11,65.16,3.353,217.1650042,7.441,0,140167,729036.06,B
22,10/21/11,59.3,3.618,140.4616048,7.706,0,119557,981567.22,B
23,10/21/11,52.12,3.618,136.5017742,4.42,0,114533,1441032.59,B
24,10/21/11,56.6,3.757,136.5017742,8.454,0,203819,1283563.43,A
25,10/21/11,50.22,3.57,210.5473252,7.082,0,128107,690675.5,B
26,10/21/11,45.23,3.618,136.5017742,7.598,0,152513,974907.28,A
27,10/21/11,59.62,3.757,140.4616048,7.906,0,204184,1689591.44,A
28,10/21/11,73.05,3.842,129.7821613,12.89,0,206302,1203172.05,A
29,10/21/11,59.3,3.618,136.5017742,9.357,0,93638,505068.22,B
30,10/21/11,65.16,3.353,217.1650042,7.441,0,42988,428958.53,C
31,10/21/11,65.16,3.353,217.1650042,7.441,0,203750,1409310.4,A
32,10/21/11,48.87,3.548,195.1789994,8.513,0,203007,1151258.74,A
33,10/21/11,81.74,3.842,129.7821613,8.01,0,39690,233543.08,A
34,10/21/11,58.93,3.361,129.7821613,10.148,0,158114,953693.23,A
35,10/21/11,59.62,3.57,140.4616048,8.745,0,103681,811328.4,B
36,10/21/11,67.89,3.308,216.2468287,7.716,0,39910,328633.34,A
37,10/21/11,67.89,3.353,216.2468287,7.716,0,39910,522784.33,C
38,10/21/11,73.05,3.842,129.7821613,12.89,0,39690,402709.17,C
39,10/21/11,67.65,3.353,216.2468287,7.716,0,184109,1465283.29,A
40,10/21/11,51.61,3.618,136.5017742,4.42,0,155083,942319.65,A
41,10/21/11,45.62,3.548,195.1789994,6.759,0,196321,1214944.29,A
42,10/21/11,77.91,3.842,129.7821613,7.874,0,39690,537276.41,C
43,10/21/11,70.3,3.353,209.2222327,10.148,0,41062,594625.96,C
44,10/21/11,54.66,3.579,129.7821613,6.078,0,39910,305969.81,C
45,10/21/11,59.6,3.57,187.7846197,8.523,0,118221,771686.4,B
1,10/28/11,66.57,3.372,217.6766791,7.866,0,151315,1445249.09,A
2,10/28/11,65.87,3.372,217.3251824,7.441,0,202307,1769296.25,A
3,10/28/11,71.04,3.372,221.0801842,7.197,0,37392,389540.62,B
4,10/28/11,55.31,3.362,129.7936774,5.143,0,205863,2151659.59,A
5,10/28/11,69.27,3.372,218.2468539,6.3,0,34875,307035.11,B
6,10/28/11,69.51,3.372,219.237049,6.551,0,202505,1419445.12,A
7,10/28/11,28.82,3.55,195.3318977,8.513,0,70713,527339.52,B
8,10/28/11,56.86,3.372,221.1278032,6.123,0,155078,876712.31,A
9,10/28/11,63.96,3.372,221.3159563,6.054,0,125833,548527.49,B
10,10/28/11,72.79,3.843,129.7936774,7.874,0,126512,1771792.97,B
11,10/28/11,72.66,3.372,221.0801842,7.197,0,207499,1310684.1,A
12,10/28/11,67.41,3.727,129.7936774,12.89,0,112238,990926.38,B
13,10/28/11,47.41,3.567,129.7936774,6.392,0,219622,1948733.81,A
14,10/28/11,51.78,3.569,187.8774913,8.523,0,200898,2056846.12,A
15,10/28/11,45.54,3.757,136.4884516,7.866,0,123737,589842.69,B
16,10/28/11,41.97,3.55,195.3318977,6.232,0,57197,505918.21,B
17,10/28/11,41.89,3.567,129.7936774,6.617,0,93188,936508.43,B
18,10/28/11,45.61,3.604,136.4884516,8.471,0,120653,1106642.63,B
19,10/28/11,46.49,3.757,136.4884516,7.866,0,203819,1396612.36,A
20,10/28/11,49.36,3.569,210.6918901,7.082,0,203742,2065421.52,A
21,10/28/11,65.46,3.372,217.3251824,7.441,0,140167,738812,B
22,10/28/11,49.31,3.604,140.4447903,7.706,0,119557,1099351.68,B
23,10/28/11,42.57,3.604,136.4884516,4.42,0,114533,1407191.96,B
24,10/28/11,48,3.757,136.4884516,8.454,0,203819,1307142.75,A
25,10/28/11,46.28,3.569,210.6918901,7.082,0,128107,724443.97,B
26,10/28/11,35.06,3.604,136.4884516,7.598,0,152513,972256.98,A
27,10/28/11,51.81,3.757,140.4447903,7.906,0,204184,1710372.4,A
28,10/28/11,67.41,3.727,129.7936774,12.89,0,206302,1242746.06,A
29,10/28/11,49.31,3.604,136.4884516,9.357,0,93638,515119.64,B
30,10/28/11,65.46,3.372,217.3251824,7.441,0,42988,426151.88,C
31,10/28/11,65.46,3.372,217.3251824,7.441,0,203750,1346862.72,A
32,10/28/11,42.76,3.55,195.3318977,8.513,0,203007,1185391.96,A
33,10/28/11,76.73,3.843,129.7936774,8.01,0,39690,231319.96,A
34,10/28/11,54.56,3.362,129.7936774,10.148,0,158114,958063.87,A
35,10/28/11,51.81,3.569,140.4447903,8.745,0,103681,808821.5,B
36,10/28/11,71.31,3.306,216.4051315,7.716,0,39910,306193.81,A
37,10/28/11,71.31,3.372,216.4051315,7.716,0,39910,517355.44,C
38,10/28/11,67.41,3.727,129.7936774,12.89,0,39690,378539.17,C
39,10/28/11,71.05,3.372,216.4051315,7.716,0,184109,1472663.1,A
40,10/28/11,42.09,3.604,136.4884516,4.42,0,155083,941675.95,A
41,10/28/11,37.02,3.55,195.3318977,6.759,0,196321,1274463.02,A
42,10/28/11,72.79,3.843,129.7936774,7.874,0,39690,515599.7,C
43,10/28/11,66.82,3.372,209.3692488,10.148,0,41062,572516.57,C
44,10/28/11,47.41,3.567,129.7936774,6.078,0,39910,306336.07,C
45,10/28/11,51.78,3.569,187.8774913,8.523,0,118221,781694.57,B
1,11/4/11,54.98,3.332,217.837382,7.866,0,151315,1697229.58,A
2,11/4/11,55.53,3.332,217.4853605,7.441,0,202307,1959707.9,A
3,11/4/11,59.31,3.332,221.245968,7.197,0,37392,459443.22,B
4,11/4/11,49.86,3.322,129.8051935,5.143,0,205863,2281217.31,A
5,11/4/11,56.71,3.332,218.408408,6.3,0,34875,353652.23,B
6,11/4/11,58.54,3.332,219.4000812,6.551,0,202505,1523420.38,A
7,11/4/11,23.41,3.527,195.4847959,8.513,0,70713,564536.01,B
8,11/4/11,49.68,3.332,221.2936581,6.123,0,155078,947815.05,A
9,11/4/11,54.46,3.332,221.4820921,6.054,0,125833,597855.07,B
10,11/4/11,68.57,3.828,129.8051935,7.874,0,126512,1904438.59,B
11,11/4/11,61.13,3.332,221.245968,7.197,0,207499,1458287.38,A
12,11/4/11,59.77,3.828,129.8051935,12.89,0,112238,1051944.79,B
13,11/4/11,43.51,3.538,129.8051935,6.392,0,219622,2036317.54,A
14,11/4/11,43.92,3.551,187.9703629,8.523,0,200898,2174056.71,A
15,11/4/11,43.39,3.738,136.475129,7.866,0,123737,615121.78,B
16,11/4/11,33.43,3.527,195.4847959,6.232,0,57197,511059.95,B
17,11/4/11,37.52,3.538,129.8051935,6.617,0,93188,927657.63,B
18,11/4/11,38.29,3.586,136.475129,8.471,0,120653,1100625.06,B
19,11/4/11,44.97,3.738,136.475129,7.866,0,203819,1480289.64,A
20,11/4/11,43.88,3.551,210.8364551,7.082,0,203742,2284106.6,A
21,11/4/11,56.01,3.332,217.4853605,7.441,0,140167,767358.37,B
22,11/4/11,42.81,3.586,140.4279758,7.706,0,119557,1106575.59,B
23,11/4/11,39.18,3.586,136.475129,4.42,0,114533,1428436.33,B
24,11/4/11,39.87,3.738,136.475129,8.454,0,203819,1385860.38,A
25,11/4/11,40.88,3.551,210.8364551,7.082,0,128107,718393.61,B
26,11/4/11,31.7,3.586,136.475129,7.598,0,152513,988950.75,A
27,11/4/11,44.46,3.738,140.4279758,7.906,0,204184,1621109.3,A
28,11/4/11,59.77,3.828,129.8051935,12.89,0,206302,1576654.67,A
29,11/4/11,42.81,3.586,136.475129,9.357,0,93638,620735.72,B
30,11/4/11,56.01,3.332,217.4853605,7.441,0,42988,432359.04,C
31,11/4/11,56.01,3.332,217.4853605,7.441,0,203750,1426405.46,A
32,11/4/11,37.95,3.527,195.4847959,8.513,0,203007,1204628.28,A
33,11/4/11,71.91,3.828,129.8051935,8.01,0,39690,236157.12,A
34,11/4/11,48.04,3.322,129.8051935,10.148,0,158114,992621.93,A
35,11/4/11,44.46,3.551,140.4279758,8.745,0,103681,653468.75,B
36,11/4/11,58.97,3.287,216.5634344,7.716,0,39910,313387.11,A
37,11/4/11,58.97,3.332,216.5634344,7.716,0,39910,555925.6,C
38,11/4/11,59.77,3.828,129.8051935,12.89,0,39690,436970.1,C
39,11/4/11,58.04,3.332,216.5634344,7.716,0,184109,1553629.59,A
40,11/4/11,35.4,3.586,136.475129,4.42,0,155083,1011321.18,A
41,11/4/11,35.04,3.527,195.4847959,6.759,0,196321,1315684.86,A
42,11/4/11,68.57,3.828,129.8051935,7.874,0,39690,597667.21,C
43,11/4/11,59.08,3.332,209.516265,10.148,0,41062,641905.37,C
44,11/4/11,43.51,3.538,129.8051935,6.078,0,39910,307126.34,C
45,11/4/11,43.92,3.551,187.9703629,8.523,0,118221,833429.22,B
1,11/11/11,59.11,3.297,217.9980849,7.866,0,151315,1594938.89,A
2,11/11/11,59.33,3.297,217.6455387,7.441,0,202307,1920725.15,A
3,11/11/11,61.7,3.297,221.4117517,7.197,0,37392,407764.25,B
4,11/11/11,47.12,3.286,129.8167097,5.143,0,205863,2203028.96,A
5,11/11/11,60.71,3.297,218.5699621,6.3,0,34875,311906.7,B
6,11/11/11,61.33,3.297,219.5631135,6.551,0,202505,1536176.54,A
7,11/11/11,19.53,3.505,195.6376941,8.513,0,70713,556015.59,B
8,11/11/11,50.56,3.297,221.4595129,6.123,0,155078,917088.48,A
9,11/11/11,58.28,3.297,221.6482278,6.054,0,125833,594574.12,B
10,11/11/11,55.28,3.677,129.8167097,7.874,0,126512,2076570.84,B
11,11/11/11,64.2,3.297,221.4117517,7.197,0,207499,1366053.69,A
12,11/11/11,48.76,3.824,129.8167097,12.89,0,112238,1095091.53,B
13,11/11/11,33.8,3.513,129.8167097,6.392,0,219622,2111592.09,A
14,11/11/11,47.65,3.53,188.0632345,8.523,0,200898,2081534.65,A
15,11/11/11,47.13,3.719,136.4618065,7.866,0,123737,618949.82,B
16,11/11/11,29.56,3.505,195.6376941,6.232,0,57197,513181.31,B
17,11/11/11,27.61,3.513,129.8167097,6.617,0,93188,914759.2,B
18,11/11/11,45.69,3.57,136.4618065,8.471,0,120653,1079931.63,B
19,11/11/11,48.22,3.719,136.4618065,7.866,0,203819,1502078.93,A
20,11/11/11,47.27,3.53,210.9810201,7.082,0,203742,2269975.85,A
21,11/11/11,59.8,3.297,217.6455387,7.441,0,140167,757369.87,B
22,11/11/11,47.8,3.57,140.4111613,7.706,0,119557,1051740.29,B
23,11/11/11,44.04,3.57,136.4618065,4.42,0,114533,1436940.78,B
24,11/11/11,46.78,3.719,136.4618065,8.454,0,203819,1425078.59,A
25,11/11/11,44.81,3.53,210.9810201,7.082,0,128107,719235.07,B
26,11/11/11,40.08,3.57,136.4618065,7.598,0,152513,1077640.13,A
27,11/11/11,49.69,3.719,140.4111613,7.906,0,204184,1800728.07,A
28,11/11/11,48.76,3.824,129.8167097,12.89,0,206302,1402654.95,A
29,11/11/11,47.8,3.57,136.4618065,9.357,0,93638,531600.62,B
30,11/11/11,59.8,3.297,217.6455387,7.441,0,42988,409686.63,C
31,11/11/11,59.8,3.297,217.6455387,7.441,0,203750,1444783.64,A
32,11/11/11,38.1,3.505,195.6376941,8.513,0,203007,1182733,A
33,11/11/11,58.75,3.677,129.8167097,8.01,0,39690,271961.04,A
34,11/11/11,41.04,3.286,129.8167097,10.148,0,158114,991570.02,A
35,11/11/11,49.69,3.53,140.4111613,8.745,0,103681,880576.33,B
36,11/11/11,63.5,3.254,216.7217373,7.716,0,39910,328498.92,A
37,11/11/11,63.5,3.297,216.7217373,7.716,0,39910,501268.78,C
38,11/11/11,48.76,3.824,129.8167097,12.89,0,39690,411116.95,C
39,11/11/11,63.11,3.297,216.7217373,7.716,0,184109,1456957.38,A
40,11/11/11,40.75,3.57,136.4618065,4.42,0,155083,1037687.07,A
41,11/11/11,32.87,3.505,195.6376941,6.759,0,196321,1302499.23,A
42,11/11/11,55.28,3.677,129.8167097,7.874,0,39690,643125.29,C
43,11/11/11,51.26,3.297,209.6632811,10.148,0,41062,615975.5,C
44,11/11/11,33.8,3.513,129.8167097,6.078,0,39910,312233.56,C
45,11/11/11,47.65,3.53,188.0632345,8.523,0,118221,808624.82,B
1,11/18/11,62.25,3.308,218.2205088,7.866,0,151315,1539483.7,A
2,11/18/11,62.01,3.308,217.8670218,7.441,0,202307,1902762.5,A
3,11/18/11,63.91,3.308,221.6432852,7.197,0,37392,398838.97,B
4,11/18/11,50.44,3.294,129.8268333,5.143,0,205863,2243946.59,A
5,11/18/11,64.33,3.308,218.793912,6.3,0,34875,307944.37,B
6,11/18/11,63.89,3.308,219.7897137,6.551,0,202505,1524390.07,A
7,11/18/11,29.53,3.479,195.7184713,8.513,0,70713,539826.56,B
8,11/18/11,51.72,3.308,221.6911738,6.123,0,155078,897032.19,A
9,11/18/11,58.8,3.308,221.8803923,6.054,0,125833,542414.27,B
10,11/18/11,58.97,3.669,129.8268333,7.874,0,126512,1869087.85,B
11,11/18/11,66.17,3.308,221.6432852,7.197,0,207499,1315091.63,A
12,11/18/11,54.2,3.813,129.8268333,12.89,0,112238,970641.34,B
13,11/18/11,40.65,3.489,129.8268333,6.392,0,219622,2016323.51,A
14,11/18/11,51.34,3.53,188.1983654,8.523,0,200898,1969360.72,A
15,11/18/11,46.53,3.717,136.4666667,7.866,0,123737,597856.51,B
16,11/18/11,31.73,3.479,195.7184713,6.232,0,57197,480353.64,B
17,11/18/11,32.93,3.489,129.8268333,6.617,0,93188,877724.31,B
18,11/18/11,47.88,3.571,136.4666667,8.471,0,120653,1056992.18,B
19,11/18/11,48.21,3.717,136.4666667,7.866,0,203819,1411835.57,A
20,11/18/11,49.3,3.53,211.1847207,7.082,0,203742,2169933.82,A
21,11/18/11,61.9,3.308,217.8670218,7.441,0,140167,737014.09,B
22,11/18/11,50.62,3.571,140.4127857,7.706,0,119557,1007579.44,B
23,11/18/11,45.48,3.571,136.4666667,4.42,0,114533,1345631.96,B
24,11/18/11,48.17,3.717,136.4666667,8.454,0,203819,1297535.69,A
25,11/18/11,46.41,3.53,211.1847207,7.082,0,128107,728525.6,B
26,11/18/11,37.78,3.571,136.4666667,7.598,0,152513,946091.79,A
27,11/18/11,51.42,3.717,140.4127857,7.906,0,204184,1723739.44,A
28,11/18/11,54.2,3.813,129.8268333,12.89,0,206302,1255081.22,A
29,11/18/11,50.62,3.571,136.4666667,9.357,0,93638,504601.29,B
30,11/18/11,61.9,3.308,217.8670218,7.441,0,42988,436462.63,C
31,11/18/11,61.9,3.308,217.8670218,7.441,0,203750,1445174.79,A
32,11/18/11,42.61,3.479,195.7184713,8.513,0,203007,1181651.55,A
33,11/18/11,63.35,3.669,129.8268333,8.01,0,39690,251294.5,A
34,11/18/11,46,3.294,129.8268333,10.148,0,158114,947552.44,A
35,11/18/11,51.42,3.53,140.4127857,8.745,0,103681,820964.1,B
36,11/18/11,66.28,3.26,216.9395861,7.716,0,39910,332901.94,A
37,11/18/11,66.28,3.308,216.9395861,7.716,0,39910,527495.09,C
38,11/18/11,54.2,3.813,129.8268333,12.89,0,39690,392003.13,C
39,11/18/11,66.09,3.308,216.9395861,7.716,0,184109,1510397.27,A
40,11/18/11,41.85,3.571,136.4666667,4.42,0,155083,905399.99,A
41,11/18/11,36.64,3.479,195.7184713,6.759,0,196321,1230118.02,A
42,11/18/11,58.97,3.669,129.8268333,7.874,0,39690,567673.87,C
43,11/18/11,57.75,3.308,209.8651071,10.148,0,41062,628115.61,C
44,11/18/11,40.65,3.489,129.8268333,6.078,0,39910,310531.04,C
45,11/18/11,51.34,3.53,188.1983654,8.523,0,118221,773603.77,B
1,11/25/11,60.14,3.236,218.4676211,7.866,1,151315,2033320.66,A
2,11/25/11,56.36,3.236,218.1130269,7.441,1,202307,2614202.3,A
3,11/25/11,68,3.236,221.9011185,7.197,1,37392,556925.19,B
4,11/25/11,47.96,3.225,129.8364,5.143,1,205863,3004702.33,A
5,11/25/11,61.93,3.236,219.0428204,6.3,1,34875,507900.07,B
6,11/25/11,62.78,3.236,220.0417412,6.551,1,202505,2249811.55,A
7,11/25/11,27.6,3.424,195.7704,8.513,1,70713,949075.87,B
8,11/25/11,49.61,3.236,221.9491571,6.123,1,155078,1235163.86,A
9,11/25/11,54.32,3.236,222.1389683,6.054,1,125833,814753.5,B
10,11/25/11,60.68,3.76,129.8364,7.874,1,126512,2950198.64,B
11,11/25/11,70.03,3.236,221.9011185,7.197,1,207499,1848953.48,A
12,11/25/11,53.25,3.622,129.8364,12.89,1,112238,1591920.42,B
13,11/25/11,38.89,3.445,129.8364,6.392,1,219622,2864170.61,A
14,11/25/11,48.71,3.492,188.3504,8.523,1,200898,2685351.81,A
15,11/25/11,41.1,3.689,136.4788,7.866,1,123737,1066478.1,B
16,11/25/11,31.39,3.424,195.7704,6.232,1,57197,712422.4,B
17,11/25/11,32.81,3.445,129.8364,6.617,1,93188,1225700.28,B
18,11/25/11,41.97,3.536,136.4788,8.471,1,120653,1624170.99,B
19,11/25/11,42.75,3.689,136.4788,7.866,1,203819,1974646.78,A
20,11/25/11,46.38,3.492,211.4120757,7.082,1,203742,2906233.25,A
21,11/25/11,56.43,3.236,218.1130269,7.441,1,140167,1219263.4,B
22,11/25/11,46.28,3.536,140.4217857,7.706,1,119557,1535857.49,B
23,11/25/11,35.23,3.536,136.4788,4.42,1,114533,2057059.53,B
24,11/25/11,41.83,3.689,136.4788,8.454,1,203819,1761235.67,A
25,11/25/11,43.49,3.492,211.4120757,7.082,1,128107,1116211.39,B
26,11/25/11,31.07,3.536,136.4788,7.598,1,152513,1282320.05,A
27,11/25/11,47.88,3.689,140.4217857,7.906,1,204184,2504400.71,A
28,11/25/11,53.25,3.622,129.8364,12.89,1,206302,1929738.27,A
29,11/25/11,46.28,3.536,136.4788,9.357,1,93638,913165.19,B
30,11/25/11,56.43,3.236,218.1130269,7.441,1,42988,452163.93,C
31,11/25/11,56.43,3.236,218.1130269,7.441,1,203750,1934099.65,A
32,11/25/11,40.22,3.424,195.7704,8.513,1,203007,1684468.66,A
33,11/25/11,62.35,3.76,129.8364,8.01,1,39690,255996.47,A
34,11/25/11,45.99,3.225,129.8364,10.148,1,158114,1345595.82,A
35,11/25/11,47.88,3.492,140.4217857,8.745,1,103681,1733822.4,B
36,11/25/11,66.41,3.181,217.1812533,7.716,1,39910,332811.55,A
37,11/25/11,66.41,3.236,217.1812533,7.716,1,39910,522554.04,C
38,11/25/11,53.25,3.622,129.8364,12.89,1,39690,393715.71,C
39,11/25/11,66.36,3.236,217.1812533,7.716,1,184109,2338832.4,A
40,11/25/11,32.76,3.536,136.4788,4.42,1,155083,1230011.95,A
41,11/25/11,36.37,3.424,195.7704,6.759,1,196321,1906713.35,A
42,11/25/11,60.68,3.76,129.8364,7.874,1,39690,577698.37,C
43,11/25/11,55.7,3.236,210.0888571,10.148,1,41062,669965.22,C
44,11/25/11,38.89,3.445,129.8364,6.078,1,39910,309129.01,C
45,11/25/11,48.71,3.492,188.3504,8.523,1,118221,1170672.94,B
1,12/2/11,48.91,3.172,218.7147333,7.866,0,151315,1584083.95,A
2,12/2/11,48.74,3.172,218.3590319,7.441,0,202307,1954952,A
3,12/2/11,54.97,3.172,222.1589519,7.197,0,37392,472511.32,B
4,12/2/11,38.71,3.176,129.8459667,5.143,0,205863,2180999.26,A
5,12/2/11,51.14,3.172,219.2917287,6.3,0,34875,376225.61,B
6,12/2/11,51.18,3.172,220.2937686,6.551,0,202505,1688531.34,A
7,12/2/11,20.38,3.378,195.8223287,8.513,0,70713,591907.88,B
8,12/2/11,40.82,3.172,222.2071405,6.123,0,155078,986601.46,A
9,12/2/11,46.84,3.172,222.3975443,6.054,0,125833,613115.21,B
10,12/2/11,57.29,3.701,129.8459667,7.874,0,126512,2068097.18,B
11,12/2/11,56.89,3.172,222.1589519,7.197,0,207499,1399322.44,A
12,12/2/11,52.5,3.701,129.8459667,12.89,0,112238,1071383.1,B
13,12/2/11,33.94,3.389,129.8459667,6.392,0,219622,2051315.66,A
14,12/2/11,50.19,3.452,188.5024346,8.523,0,200898,2143080.57,A
15,12/2/11,45.67,3.666,136.4909333,7.866,0,123737,699028.66,B
16,12/2/11,27.83,3.378,195.8223287,6.232,0,57197,530492.84,B
17,12/2/11,26.47,3.389,129.8459667,6.617,0,93188,945267.68,B
18,12/2/11,46.25,3.501,136.4909333,8.471,0,120653,1188047.61,B
19,12/2/11,45.67,3.666,136.4909333,7.866,0,203819,1484708.38,A
20,12/2/11,46.32,3.452,211.6394306,7.082,0,203742,2298776.83,A
21,12/2/11,48.72,3.172,218.3590319,7.441,0,140167,793184.25,B
22,12/2/11,49.11,3.501,140.4307857,7.706,0,119557,1167621.14,B
23,12/2/11,43.6,3.501,136.4909333,4.42,0,114533,1552886.59,B
24,12/2/11,47.21,3.666,136.4909333,8.454,0,203819,1335647.1,A
25,12/2/11,42.85,3.452,211.6394306,7.082,0,128107,878314.57,B
26,12/2/11,36.74,3.501,136.4909333,7.598,0,152513,1012498.49,A
27,12/2/11,50.55,3.666,140.4307857,7.906,0,204184,1806924.74,A
28,12/2/11,52.5,3.701,129.8459667,12.89,0,206302,1368130.35,A
29,12/2/11,49.11,3.501,136.4909333,9.357,0,93638,579874.22,B
30,12/2/11,48.72,3.172,218.3590319,7.441,0,42988,412385.75,C
31,12/2/11,48.72,3.172,218.3590319,7.441,0,203750,1388809.43,A
32,12/2/11,33.8,3.378,195.8223287,8.513,0,203007,1179773.88,A
33,12/2/11,59.12,3.701,129.8459667,8.01,0,39690,220060.35,A
34,12/2/11,39.75,3.176,129.8459667,10.148,0,158114,988742.08,A
35,12/2/11,50.55,3.452,140.4307857,8.745,0,103681,903606.03,B
36,12/2/11,53.57,3.164,217.4229206,7.716,0,39910,293350.51,A
37,12/2/11,53.57,3.172,217.4229206,7.716,0,39910,527117.81,C
38,12/2/11,52.5,3.701,129.8459667,12.89,0,39690,411252.02,C
39,12/2/11,53.14,3.172,217.4229206,7.716,0,184109,1632894.58,A
40,12/2/11,38.51,3.501,136.4909333,4.42,0,155083,1059676.62,A
41,12/2/11,34.53,3.378,195.8223287,6.759,0,196321,1292436.23,A
42,12/2/11,57.29,3.701,129.8459667,7.874,0,39690,511883.36,C
43,12/2/11,47.49,3.172,210.3126071,10.148,0,41062,585028.26,C
44,12/2/11,33.94,3.389,129.8459667,6.078,0,39910,284309.34,C
45,12/2/11,50.19,3.452,188.5024346,8.523,0,118221,875699.81,B
1,12/9/11,43.93,3.158,218.9618456,7.866,0,151315,1799682.38,A
2,12/9/11,41.76,3.158,218.605037,7.441,0,202307,2290549.32,A
3,12/9/11,49.26,3.158,222.4167852,7.197,0,37392,468772.8,B
4,12/9/11,31.64,3.153,129.8555333,5.143,0,205863,2508955.24,A
5,12/9/11,44.12,3.158,219.540637,6.3,0,34875,367433.77,B
6,12/9/11,43.64,3.158,220.5457961,6.551,0,202505,1903385.14,A
7,12/9/11,11.17,3.331,195.8742575,8.513,0,70713,653845.45,B
8,12/9/11,30.51,3.158,222.4651238,6.123,0,155078,1051922.95,A
9,12/9/11,37.65,3.158,222.6561203,6.054,0,125833,630327.28,B
10,12/9/11,42.58,3.644,129.8555333,7.874,0,126512,2429310.9,B
11,12/9/11,50.63,3.158,222.4167852,7.197,0,207499,1646655.94,A
12,12/9/11,42.17,3.644,129.8555333,12.89,0,112238,1189646.45,B
13,12/9/11,24.82,3.341,129.8555333,6.392,0,219622,2462779.06,A
14,12/9/11,46.57,3.415,188.6544692,8.523,0,200898,2470581.29,A
15,12/9/11,38.53,3.627,136.5030667,7.866,0,123737,764565.55,B
16,12/9/11,14.44,3.331,195.8742575,6.232,0,57197,574798.86,B
17,12/9/11,17.56,3.341,129.8555333,6.617,0,93188,976522.93,B
18,12/9/11,42.36,3.47,136.5030667,8.471,0,120653,1368471.23,B
19,12/9/11,40.18,3.627,136.5030667,7.866,0,203819,1713769.06,A
20,12/9/11,41.64,3.415,211.8667856,7.082,0,203742,2546123.78,A
21,12/9/11,41.44,3.158,218.605037,7.441,0,140167,897747.13,B
22,12/9/11,45.35,3.47,140.4397857,7.706,0,119557,1308967.44,B
23,12/9/11,36.4,3.47,136.5030667,4.42,0,114533,1841173.6,B
24,12/9/11,42.3,3.627,136.5030667,8.454,0,203819,1529615.54,A
25,12/9/11,38.69,3.415,211.8667856,7.082,0,128107,916446.02,B
26,12/9/11,34.24,3.47,136.5030667,7.598,0,152513,1148987.46,A
27,12/9/11,46.28,3.627,140.4397857,7.906,0,204184,2014665.98,A
28,12/9/11,42.17,3.644,129.8555333,12.89,0,206302,1467024.3,A
29,12/9/11,45.35,3.47,136.5030667,9.357,0,93638,633240.53,B
30,12/9/11,41.44,3.158,218.605037,7.441,0,42988,436741.02,C
31,12/9/11,41.44,3.158,218.605037,7.441,0,203750,1556798.94,A
32,12/9/11,17.94,3.331,195.8742575,8.513,0,203007,1415746.91,A
33,12/9/11,47.7,3.644,129.8555333,8.01,0,39690,270373.05,A
34,12/9/11,24.69,3.153,129.8555333,10.148,0,158114,1084243.91,A
35,12/9/11,46.28,3.415,140.4397857,8.745,0,103681,948964.99,B
36,12/9/11,50.64,3.147,217.6645878,7.716,0,39910,312298.37,A
37,12/9/11,50.64,3.158,217.6645878,7.716,0,39910,537224.52,C
38,12/9/11,42.17,3.644,129.8555333,12.89,0,39690,435401.64,C
39,12/9/11,49.36,3.158,217.6645878,7.716,0,184109,1781528.77,A
40,12/9/11,34.48,3.47,136.5030667,4.42,0,155083,1158708.98,A
41,12/9/11,17.05,3.331,195.8742575,6.759,0,196321,1548661.45,A
42,12/9/11,42.58,3.644,129.8555333,7.874,0,39690,619133.48,C
43,12/9/11,34.23,3.158,210.5363571,10.148,0,41062,617898.07,C
44,12/9/11,24.82,3.341,129.8555333,6.078,0,39910,304300.91,C
45,12/9/11,46.57,3.415,188.6544692,8.523,0,118221,957155.31,B
1,12/16/11,51.63,3.159,219.1794533,7.866,0,151315,1881176.67,A
2,12/16/11,50.13,3.159,218.8217928,7.441,0,202307,2432736.52,A
3,12/16/11,57.95,3.159,222.6426418,7.197,0,37392,510747.62,B
4,12/16/11,36.44,3.149,129.8980645,5.143,0,205863,2771397.17,A
5,12/16/11,54.42,3.159,219.7596266,6.3,0,34875,379530.3,B
6,12/16/11,53.27,3.159,220.7671856,6.551,0,202505,2034695.56,A
7,12/16/11,15.2,3.266,195.9841685,8.513,0,70713,720242.19,B
8,12/16/11,39.79,3.159,222.6910959,6.123,0,155078,1118163.94,A
9,12/16/11,47.31,3.159,222.8825484,6.054,0,125833,705557.97,B
10,12/16/11,50.53,3.489,129.8980645,7.874,0,126512,2555031.18,B
11,12/16/11,59.69,3.159,222.6426418,7.197,0,207499,1783910.06,A
12,12/16/11,43.29,3.6,129.8980645,12.89,0,112238,1293404.18,B
13,12/16/11,27.85,3.282,129.8980645,6.392,0,219622,2760346.71,A
14,12/16/11,39.93,3.413,188.7979349,8.523,0,200898,2594363.09,A
15,12/16/11,35.49,3.611,136.5335161,7.866,0,123737,870415.49,B
16,12/16/11,22.5,3.266,195.9841685,6.232,0,57197,679481.9,B
17,12/16/11,21.07,3.282,129.8980645,6.617,0,93188,1067754.06,B
18,12/16/11,35.52,3.445,136.5335161,8.471,0,120653,1516924.23,B
19,12/16/11,37.07,3.611,136.5335161,7.866,0,203819,1852179.15,A
20,12/16/11,37.16,3.413,212.0685039,7.082,0,203742,2762816.65,A
21,12/16/11,50.56,3.159,218.8217928,7.441,0,140167,1027584.51,B
22,12/16/11,39.11,3.445,140.4700795,7.706,0,119557,1453153.33,B
23,12/16/11,32.99,3.445,136.5335161,4.42,0,114533,2173621.2,B
24,12/16/11,36,3.611,136.5335161,8.454,0,203819,1624994.43,A
25,12/16/11,33.09,3.413,212.0685039,7.082,0,128107,997502.47,B
26,12/16/11,28.24,3.445,136.5335161,7.598,0,152513,1204807.83,A
27,12/16/11,40.68,3.611,140.4700795,7.906,0,204184,2205919.86,A
28,12/16/11,43.29,3.6,129.8980645,12.89,0,206302,1429954.66,A
29,12/16/11,39.11,3.445,136.5335161,9.357,0,93638,736805.66,B
30,12/16/11,50.56,3.159,218.8217928,7.441,0,42988,441265.08,C
31,12/16/11,50.56,3.159,218.8217928,7.441,0,203750,1611196.61,A
32,12/16/11,26.23,3.266,195.9841685,8.513,0,203007,1556017.91,A
33,12/16/11,53.18,3.489,129.8980645,8.01,0,39690,259638.35,A
34,12/16/11,32.31,3.149,129.8980645,10.148,0,158114,1151052.86,A
35,12/16/11,40.68,3.413,140.4700795,8.745,0,103681,1115255.65,B
36,12/16/11,58.31,3.133,217.8781339,7.716,0,39910,341503.92,A
37,12/16/11,58.31,3.159,217.8781339,7.716,0,39910,533905.67,C
38,12/16/11,43.29,3.6,129.8980645,12.89,0,39690,404283.84,C
39,12/16/11,58.58,3.159,217.8781339,7.716,0,184109,1991824.05,A
40,12/16/11,29.53,3.445,136.5335161,4.42,0,155083,1198670.19,A
41,12/16/11,25.01,3.266,195.9841685,6.759,0,196321,1682368.32,A
42,12/16/11,50.53,3.489,129.8980645,7.874,0,39690,598437.98,C
43,12/16/11,43.78,3.159,210.7365392,10.148,0,41062,665007.08,C
44,12/16/11,27.85,3.282,129.8980645,6.078,0,39910,311144.16,C
45,12/16/11,39.93,3.413,188.7979349,8.523,0,118221,1078905.68,B
1,12/23/11,47.96,3.112,219.3577216,7.866,0,151315,2270188.99,A
2,12/23/11,46.66,3.112,218.9995495,7.441,0,202307,3224369.8,A
3,12/23/11,53.41,3.112,222.8258628,7.197,0,37392,551221.21,B
4,12/23/11,35.92,3.103,129.9845484,5.143,0,205863,3676388.98,A
5,12/23/11,50.33,3.112,219.9387246,6.3,0,34875,458562.24,B
6,12/23/11,49.45,3.112,220.9477245,6.551,0,202505,2644633.02,A
7,12/23/11,12.19,3.173,196.1713893,8.513,0,70713,1059715.27,B
8,12/23/11,38.16,3.112,222.8743862,6.123,0,155078,1462254.05,A
9,12/23/11,44.43,3.112,223.0661125,6.054,0,125833,905324.68,B
10,12/23/11,48.36,3.541,129.9845484,7.874,0,126512,3487986.89,B
11,12/23/11,54.29,3.112,222.8258628,7.197,0,207499,2213518.5,A
12,12/23/11,45.4,3.541,129.9845484,12.89,0,112238,1617612.03,B
13,12/23/11,24.76,3.186,129.9845484,6.392,0,219622,3556766.03,A
14,12/23/11,42.27,3.389,188.9299752,8.523,0,200898,3369068.99,A
15,12/23/11,34.93,3.587,136.5883871,7.866,0,123737,1182691.87,B
16,12/23/11,20.79,3.173,196.1713893,6.232,0,57197,950691.96,B
17,12/23/11,18.76,3.186,129.9845484,6.617,0,93188,1289156.9,B
18,12/23/11,35.78,3.413,136.5883871,8.471,0,120653,1882393.4,B
19,12/23/11,36.09,3.587,136.5883871,7.866,0,203819,2480159.47,A
20,12/23/11,40.19,3.389,212.2360401,7.082,0,203742,3555371.03,A
21,12/23/11,46.54,3.112,218.9995495,7.441,0,140167,1384552.17,B
22,12/23/11,39.83,3.413,140.528765,7.706,0,119557,1863195.68,B
23,12/23/11,27.8,3.413,136.5883871,4.42,0,114533,2587953.32,B
24,12/23/11,36.93,3.587,136.5883871,8.454,0,203819,2168344.23,A
25,12/23/11,36.56,3.389,212.2360401,7.082,0,128107,1290532.97,B
26,12/23/11,22.53,3.413,136.5883871,7.598,0,152513,1515175.01,A
27,12/23/11,41.59,3.587,140.528765,7.906,0,204184,2739019.75,A
28,12/23/11,45.4,3.541,129.9845484,12.89,0,206302,1796203.51,A
29,12/23/11,39.83,3.413,136.5883871,9.357,0,93638,1016637.39,B
30,12/23/11,46.54,3.112,218.9995495,7.441,0,42988,492022.68,C
31,12/23/11,46.54,3.112,218.9995495,7.441,0,203750,2026176.14,A
32,12/23/11,25.97,3.173,196.1713893,8.513,0,203007,1959526.96,A
33,12/23/11,53.39,3.541,129.9845484,8.01,0,39690,256235.19,A
34,12/23/11,32.45,3.103,129.9845484,10.148,0,158114,1593655.96,A
35,12/23/11,41.59,3.389,140.528765,8.745,0,103681,1550214.02,B
36,12/23/11,55.41,3.098,218.0541851,7.716,0,39910,325262.46,A
37,12/23/11,55.41,3.112,218.0541851,7.716,0,39910,605791.46,C
38,12/23/11,45.4,3.541,129.9845484,12.89,0,39690,419717.41,C
39,12/23/11,54.62,3.112,218.0541851,7.716,0,184109,2554482.84,A
40,12/23/11,24.46,3.413,136.5883871,4.42,0,155083,1601585.7,A
41,12/23/11,25.59,3.173,196.1713893,6.759,0,196321,2263722.68,A
42,12/23/11,48.36,3.541,129.9845484,7.874,0,39690,575676.13,C
43,12/23/11,42.63,3.112,210.9052972,10.148,0,41062,676290.46,C
44,12/23/11,24.76,3.186,129.9845484,6.078,0,39910,376233.89,C
45,12/23/11,42.27,3.389,188.9299752,8.523,0,118221,1521957.99,B
1,12/30/11,44.55,3.129,219.5359898,7.866,1,151315,1497462.72,A
2,12/30/11,44.57,3.129,219.1773063,7.441,1,202307,1874226.52,A
3,12/30/11,48.29,3.129,223.0090839,7.197,1,37392,410553.88,B
4,12/30/11,36.89,3.119,130.0710323,5.143,1,205863,2007105.86,A
5,12/30/11,45.62,3.129,220.1178226,6.3,1,34875,349624.88,B
6,12/30/11,46.8,3.129,221.1282634,6.551,1,202505,1598080.52,A
7,12/30/11,15.56,3.119,196.3586101,8.513,1,70713,815915.52,B
8,12/30/11,36.33,3.129,223.0576765,6.123,1,155078,858572.22,A
9,12/30/11,43.41,3.129,223.2496766,6.054,1,125833,549788.36,B
10,12/30/11,48.92,3.428,130.0710323,7.874,1,126512,1930690.37,B
11,12/30/11,48.86,3.129,223.0090839,7.197,1,207499,1352084.21,A
12,12/30/11,44.64,3.428,130.0710323,12.89,1,112238,1111638.07,B
13,12/30/11,31.53,3.119,130.0710323,6.392,1,219622,1969056.91,A
14,12/30/11,37.79,3.389,189.0620155,8.523,1,200898,1914148.89,A
15,12/30/11,31.44,3.566,136.6432581,7.866,1,123737,603460.79,B
16,12/30/11,23.91,3.119,196.3586101,6.232,1,57197,665861.06,B
17,12/30/11,26.73,3.119,130.0710323,6.617,1,93188,777207.3,B
18,12/30/11,32.36,3.402,136.6432581,8.471,1,120653,1010562.49,B
19,12/30/11,31.65,3.566,136.6432581,7.866,1,203819,1405168.06,A
20,12/30/11,36.35,3.389,212.4035763,7.082,1,203742,2043245,A
21,12/30/11,45.16,3.129,219.1773063,7.441,1,140167,804362.36,B
22,12/30/11,36.28,3.402,140.5874505,7.706,1,119557,982661.14,B
23,12/30/11,22.3,3.402,136.6432581,4.42,1,114533,1213486.95,B
24,12/30/11,33.45,3.566,136.6432581,8.454,1,203819,1363973.16,A
25,12/30/11,32.42,3.389,212.4035763,7.082,1,128107,683665.37,B
26,12/30/11,18.8,3.402,136.6432581,7.598,1,152513,972834.42,A
27,12/30/11,37.85,3.566,140.5874505,7.906,1,204184,1650604.6,A
28,12/30/11,44.64,3.428,130.0710323,12.89,1,206302,1270036.53,A
29,12/30/11,36.28,3.402,136.6432581,9.357,1,93638,551743.05,B
30,12/30/11,45.16,3.129,219.1773063,7.441,1,42988,376777.45,C
31,12/30/11,45.16,3.129,219.1773063,7.441,1,203750,1355405.95,A
32,12/30/11,32.99,3.119,196.3586101,8.513,1,203007,1102367.65,A
33,12/30/11,51.6,3.428,130.0710323,8.01,1,39690,215359.21,A
34,12/30/11,28.84,3.119,130.0710323,10.148,1,158114,965512.36,A
35,12/30/11,37.85,3.389,140.5874505,8.745,1,103681,904650.55,B
36,12/30/11,48.26,3.132,218.2302364,7.716,1,39910,287425.22,A
37,12/30/11,48.26,3.129,218.2302364,7.716,1,39910,451327.61,C
38,12/30/11,44.64,3.428,130.0710323,12.89,1,39690,342667.35,C
39,12/30/11,47.6,3.129,218.2302364,7.716,1,184109,1537139.56,A
40,12/30/11,18.75,3.402,136.6432581,4.42,1,155083,908853.15,A
41,12/30/11,34.12,3.119,196.3586101,6.759,1,196321,1264014.16,A
42,12/30/11,48.92,3.428,130.0710323,7.874,1,39690,454412.28,C
43,12/30/11,41.83,3.129,211.0740553,10.148,1,41062,505405.85,C
44,12/30/11,31.53,3.119,130.0710323,6.078,1,39910,263917.85,C
45,12/30/11,37.79,3.389,189.0620155,8.523,1,118221,869403.63,B
1,1/6/12,49.01,3.157,219.7142581,7.348,0,151315,1550369.92,A
2,1/6/12,46.75,3.157,219.355063,7.057,0,202307,1799520.14,A
3,1/6/12,52.42,3.157,223.1923049,6.833,0,37392,398178.21,B
4,1/6/12,38.64,3.158,130.1575161,4.607,0,205863,2047766.07,A
5,1/6/12,50.21,3.157,220.2969205,5.943,0,34875,312078.71,B
6,1/6/12,50.82,3.157,221.3088023,6.132,0,202505,1395339.71,A
7,1/6/12,18.67,3.095,196.5458309,8.256,0,70713,713117.66,B
8,1/6/12,43.47,3.157,223.2409668,5.825,0,155078,872113.23,A
9,1/6/12,47.54,3.157,223.4332408,5.667,0,125833,519585.67,B
10,1/6/12,59.85,3.443,130.1575161,7.545,0,126512,1683401.78,B
11,1/6/12,54.44,3.157,223.1923049,6.833,0,207499,1283885.55,A
12,1/6/12,50.43,3.599,130.1575161,12.187,0,112238,945823.65,B
13,1/6/12,33.8,3.08,130.1575161,6.104,0,219622,1865752.78,A
14,1/6/12,35.88,3.422,189.1940558,8.424,0,200898,1859144.96,A
15,1/6/12,30.24,3.585,136.698129,7.943,0,123737,516087.65,B
16,1/6/12,26.49,3.095,196.5458309,6.162,0,57197,564538.07,B
17,1/6/12,27.64,3.08,130.1575161,6.403,0,93188,1198104.22,B
18,1/6/12,31.27,3.439,136.698129,8.075,0,120653,977286.07,B
19,1/6/12,31.84,3.585,136.698129,7.943,0,203819,1266570.4,A
20,1/6/12,33.42,3.422,212.5711125,6.961,0,203742,1964701.94,A
21,1/6/12,48.1,3.157,219.355063,7.057,0,140167,640181.86,B
22,1/6/12,34.61,3.439,140.6461359,7.503,0,119557,895358.2,B
23,1/6/12,24.29,3.439,136.698129,4.261,0,114533,1150662.55,B
24,1/6/12,32.86,3.585,136.698129,8.659,0,203819,1251581.89,A
25,1/6/12,30.23,3.422,212.5711125,6.961,0,128107,636419.12,B
26,1/6/12,22.94,3.439,136.698129,7.467,0,152513,971557.62,A
27,1/6/12,35.8,3.585,140.6461359,8.009,0,204184,1535287.4,A
28,1/6/12,50.43,3.599,130.1575161,12.187,0,206302,1466046.07,A
29,1/6/12,34.61,3.439,136.698129,8.988,0,93638,469773.85,B
30,1/6/12,48.1,3.157,219.355063,7.057,0,42988,457030.86,C
31,1/6/12,48.1,3.157,219.355063,7.057,0,203750,1401232.52,A
32,1/6/12,36.75,3.095,196.5458309,8.256,0,203007,1099937.25,A
33,1/6/12,60.92,3.443,130.1575161,7.603,0,39690,267058.08,A
34,1/6/12,36.39,3.158,130.1575161,9.653,0,158114,953844.85,A
35,1/6/12,35.8,3.422,140.6461359,8.744,0,103681,671708.09,B
36,1/6/12,57.18,3.129,218.4062876,7.244,0,39910,329467.82,A
37,1/6/12,57.18,3.157,218.4062876,7.244,0,39910,558343.57,C
38,1/6/12,50.43,3.599,130.1575161,12.187,0,39690,478483.2,C
39,1/6/12,55.83,3.157,218.4062876,7.244,0,184109,1478537.93,A
40,1/6/12,23.29,3.439,136.698129,4.261,0,155083,954576.86,A
41,1/6/12,37.21,3.095,196.5458309,6.589,0,196321,1208191.61,A
42,1/6/12,59.85,3.443,130.1575161,7.545,0,39690,636372.37,C
43,1/6/12,47.59,3.157,211.2428134,9.653,0,41062,670993.01,C
44,1/6/12,33.8,3.08,130.1575161,5.774,0,39910,325327.93,C
45,1/6/12,35.88,3.422,189.1940558,8.424,0,118221,714081.05,B
1,1/13/12,48.53,3.261,219.8925263,7.348,0,151315,1459601.17,A
2,1/13/12,45.99,3.261,219.5328198,7.057,0,202307,1744725.48,A
3,1/13/12,51.86,3.261,223.3755259,6.833,0,37392,367438.62,B
4,1/13/12,34.41,3.263,130.244,4.607,0,205863,1941676.61,A
5,1/13/12,48.86,3.261,220.4760185,5.943,0,34875,291454.52,B
6,1/13/12,48.33,3.261,221.4893412,6.132,0,202505,1344243.17,A
7,1/13/12,7.46,3.077,196.7330517,8.256,0,70713,593875.46,B
8,1/13/12,36.46,3.261,223.4242571,5.825,0,155078,817661.76,A
9,1/13/12,42.44,3.261,223.6168049,5.667,0,125833,474964.6,B
10,1/13/12,51,3.477,130.244,7.545,0,126512,1711562.73,B
11,1/13/12,53.1,3.261,223.3755259,6.833,0,207499,1264736.59,A
12,1/13/12,48.07,3.657,130.244,12.187,0,112238,865467.86,B
13,1/13/12,25.61,3.056,130.244,6.104,0,219622,1794962.64,A
14,1/13/12,41.18,3.513,189.3260962,8.424,0,200898,1696248.27,A
15,1/13/12,36.26,3.666,136.753,7.943,0,123737,454183.42,B
16,1/13/12,19.55,3.077,196.7330517,6.162,0,57197,508520.09,B
17,1/13/12,20.28,3.056,130.244,6.403,0,93188,873576.96,B
18,1/13/12,35.25,3.523,136.753,8.075,0,120653,890130.25,B
19,1/13/12,37.08,3.666,136.753,7.943,0,203819,1182198.7,A
20,1/13/12,37.79,3.513,212.7386486,6.961,0,203742,1911510.64,A
21,1/13/12,45,3.261,219.5328198,7.057,0,140167,631181.25,B
22,1/13/12,39,3.523,140.7048214,7.503,0,119557,855437.57,B
23,1/13/12,28.49,3.523,136.753,4.261,0,114533,1031451.35,B
24,1/13/12,36.5,3.666,136.753,8.659,0,203819,1155594.2,A
25,1/13/12,34.6,3.513,212.7386486,6.961,0,128107,614764.31,B
26,1/13/12,25.55,3.523,136.753,7.467,0,152513,836305.65,A
27,1/13/12,41.3,3.666,140.7048214,8.009,0,204184,1492399.13,A
28,1/13/12,48.07,3.657,130.244,12.187,0,206302,1161190.29,A
29,1/13/12,39,3.523,136.753,8.988,0,93638,444756.37,B
30,1/13/12,45,3.261,219.5328198,7.057,0,42988,447023.91,C
31,1/13/12,45,3.261,219.5328198,7.057,0,203750,1377485.12,A
32,1/13/12,28.99,3.077,196.7330517,8.256,0,203007,1071598.36,A
33,1/13/12,54.61,3.477,130.244,7.603,0,39690,279447.22,A
34,1/13/12,33.99,3.263,130.244,9.653,0,158114,913755.12,A
35,1/13/12,41.3,3.513,140.7048214,8.744,0,103681,625135.11,B
36,1/13/12,56.28,3.254,218.5823389,7.244,0,39910,325976.34,A
37,1/13/12,56.28,3.261,218.5823389,7.244,0,39910,546221.4,C
38,1/13/12,48.07,3.657,130.244,12.187,0,39690,423260.82,C
39,1/13/12,54.66,3.261,218.5823389,7.244,0,184109,1369125.37,A
40,1/13/12,25.9,3.523,136.753,4.261,0,155083,780607.52,A
41,1/13/12,27.49,3.077,196.7330517,6.589,0,196321,1134767.28,A
42,1/13/12,51,3.477,130.244,7.545,0,39690,664348.2,C
43,1/13/12,43.68,3.261,211.4115714,9.653,0,41062,663529.64,C
44,1/13/12,25.61,3.056,130.244,5.774,0,39910,312361.88,C
45,1/13/12,41.18,3.513,189.3260962,8.424,0,118221,676615.53,B
1,1/20/12,54.11,3.268,219.9856893,7.348,0,151315,1394393.84,A
2,1/20/12,51.7,3.268,219.6258417,7.057,0,202307,1711769.11,A
3,1/20/12,56.2,3.268,223.4700552,6.833,0,37392,365818.61,B
4,1/20/12,42.09,3.273,130.2792258,4.607,0,205863,2005097.76,A
5,1/20/12,54.65,3.268,220.5694104,5.943,0,34875,287523.98,B
6,1/20/12,55.37,3.268,221.5831306,6.132,0,202505,1326255.7,A
7,1/20/12,27.41,3.055,196.7796652,8.256,0,70713,578002.85,B
8,1/20/12,46.81,3.268,223.5188055,5.825,0,155078,813954.82,A
9,1/20/12,51.56,3.268,223.7114288,5.667,0,125833,480130.04,B
10,1/20/12,54.51,3.66,130.2792258,7.545,0,126512,1675562.94,B
11,1/20/12,56.43,3.268,223.4700552,6.833,0,207499,1207303.29,A
12,1/20/12,46.2,3.66,130.2792258,12.187,0,112238,855922.64,B
13,1/20/12,32.71,3.047,130.2792258,6.104,0,219622,1811606.21,A
14,1/20/12,31.85,3.533,189.4214733,8.424,0,200898,1789113.32,A
15,1/20/12,21.39,3.705,136.8564194,7.943,0,123737,492721.85,B
16,1/20/12,29.3,3.055,196.7796652,6.162,0,57197,474389.75,B
17,1/20/12,27.26,3.047,130.2792258,6.403,0,93188,809272.65,B
18,1/20/12,24.2,3.542,136.8564194,8.075,0,120653,937522.77,B
19,1/20/12,23.44,3.705,136.8564194,7.943,0,203819,1237104.73,A
20,1/20/12,27.65,3.533,212.8336399,6.961,0,203742,1892775.94,A
21,1/20/12,52.21,3.268,219.6258417,7.057,0,140167,651178.2,B
22,1/20/12,29.16,3.542,140.8086118,7.503,0,119557,897027.44,B
23,1/20/12,15.33,3.542,136.8564194,4.261,0,114533,1146992.13,B
24,1/20/12,25.73,3.705,136.8564194,8.659,0,203819,1151993.85,A
25,1/20/12,23.87,3.533,212.8336399,6.961,0,128107,594744.89,B
26,1/20/12,15.22,3.542,136.8564194,7.467,0,152513,838751.5,A
27,1/20/12,30.35,3.705,140.8086118,8.009,0,204184,1542131.05,A
28,1/20/12,46.2,3.66,130.2792258,12.187,0,206302,1129540.48,A
29,1/20/12,29.16,3.542,136.8564194,8.988,0,93638,446863.31,B
30,1/20/12,52.21,3.268,219.6258417,7.057,0,42988,438760.62,C
31,1/20/12,52.21,3.268,219.6258417,7.057,0,203750,1372504.9,A
32,1/20/12,36.86,3.055,196.7796652,8.256,0,203007,1080012.04,A
33,1/20/12,55.99,3.66,130.2792258,7.603,0,39690,244899.2,A
34,1/20/12,39.28,3.273,130.2792258,9.653,0,158114,910899.05,A
35,1/20/12,30.35,3.533,140.8086118,8.744,0,103681,669850.04,B
36,1/20/12,58.9,3.275,218.6755292,7.244,0,39910,330927.21,A
37,1/20/12,58.9,3.268,218.6755292,7.244,0,39910,543894.07,C
38,1/20/12,46.2,3.66,130.2792258,12.187,0,39690,405215.91,C
39,1/20/12,58.04,3.268,218.6755292,7.244,0,184109,1394841.03,A
40,1/20/12,14.02,3.542,136.8564194,4.261,0,155083,811365.42,A
41,1/20/12,31.56,3.055,196.7796652,6.589,0,196321,1116295.24,A
42,1/20/12,54.51,3.66,130.2792258,7.545,0,39690,579499.93,C
43,1/20/12,52.72,3.268,211.4997811,9.653,0,41062,619225.65,C
44,1/20/12,32.71,3.047,130.2792258,5.774,0,39910,316948.39,C
45,1/20/12,31.85,3.533,189.4214733,8.424,0,118221,700392.21,B
1,1/27/12,54.26,3.29,220.0788523,7.348,0,151315,1319325.59,A
2,1/27/12,50.5,3.29,219.7188636,7.057,0,202307,1660906.14,A
3,1/27/12,58.06,3.29,223.5645845,6.833,0,37392,349518.1,B
4,1/27/12,40.31,3.29,130.3144516,4.607,0,205863,1928720.51,A
5,1/27/12,54.63,3.29,220.6628023,5.943,0,34875,295974.22,B
6,1/27/12,53.95,3.29,221.6769199,6.132,0,202505,1315610.66,A
7,1/27/12,26.9,3.038,196.8262786,8.256,0,70713,541037.98,B
8,1/27/12,45.52,3.29,223.6133539,5.825,0,155078,778178.53,A
9,1/27/12,49.38,3.29,223.8060527,5.667,0,125833,482451.21,B
10,1/27/12,53.59,3.675,130.3144516,7.545,0,126512,1632406,B
11,1/27/12,58.36,3.29,223.5645845,6.833,0,207499,1162675.85,A
12,1/27/12,50.43,3.675,130.3144516,12.187,0,112238,888203.69,B
13,1/27/12,34.32,3.058,130.3144516,6.104,0,219622,1733983.09,A
14,1/27/12,37.93,3.567,189.5168505,8.424,0,200898,1595362.27,A
15,1/27/12,30.87,3.737,136.9598387,7.943,0,123737,466045.63,B
16,1/27/12,28.17,3.038,196.8262786,6.162,0,57197,453979.19,B
17,1/27/12,29.99,3.058,130.3144516,6.403,0,93188,769522.33,B
18,1/27/12,30.44,3.568,136.9598387,8.075,0,120653,825584.22,B
19,1/27/12,32.41,3.737,136.9598387,7.943,0,203819,1279623.26,A
20,1/27/12,37.19,3.567,212.9286312,6.961,0,203742,1761016.51,A
21,1/27/12,50.79,3.29,219.7188636,7.057,0,140167,611258.71,B
22,1/27/12,35.68,3.568,140.9124021,7.503,0,119557,786459.23,B
23,1/27/12,25.71,3.568,136.9598387,4.261,0,114533,1037476.38,B
24,1/27/12,31.92,3.737,136.9598387,8.659,0,203819,1057290.41,A
25,1/27/12,32.24,3.567,212.9286312,6.961,0,128107,589554.29,B
26,1/27/12,24.16,3.568,136.9598387,7.467,0,152513,820059.89,A
27,1/27/12,36.96,3.737,140.9124021,8.009,0,204184,1263534.86,A
28,1/27/12,50.43,3.675,130.3144516,12.187,0,206302,1132948.48,A
29,1/27/12,35.68,3.568,136.9598387,8.988,0,93638,395987.24,B
30,1/27/12,50.79,3.29,219.7188636,7.057,0,42988,433037.66,C
31,1/27/12,50.79,3.29,219.7188636,7.057,0,203750,1259941.48,A
32,1/27/12,36.67,3.038,196.8262786,8.256,0,203007,1051864.6,A
33,1/27/12,56.33,3.675,130.3144516,7.603,0,39690,236920.49,A
34,1/27/12,39.81,3.29,130.3144516,9.653,0,158114,872450.37,A
35,1/27/12,36.96,3.567,140.9124021,8.744,0,103681,588722.99,B
36,1/27/12,62.73,3.313,218.7687195,7.244,0,39910,301444.94,A
37,1/27/12,62.73,3.29,218.7687195,7.244,0,39910,514116.58,C
38,1/27/12,50.43,3.675,130.3144516,12.187,0,39690,412882.31,C
39,1/27/12,60.65,3.29,218.7687195,7.244,0,184109,1320301.61,A
40,1/27/12,22.91,3.568,136.9598387,4.261,0,155083,770157.29,A
41,1/27/12,33.15,3.038,196.8262786,6.589,0,196321,1079398.81,A
42,1/27/12,53.59,3.675,130.3144516,7.545,0,39690,538978.67,C
43,1/27/12,52.1,3.29,211.5879908,9.653,0,41062,587685.38,C
44,1/27/12,34.32,3.058,130.3144516,5.774,0,39910,308295.38,C
45,1/27/12,37.93,3.567,189.5168505,8.424,0,118221,624081.64,B
1,2/3/12,56.55,3.36,220.1720153,7.348,0,151315,1636339.65,A
2,2/3/12,55.21,3.36,219.8118854,7.057,0,202307,1935299.94,A
3,2/3/12,59.33,3.36,223.6591137,6.833,0,37392,424960.66,B
4,2/3/12,41.81,3.354,130.3496774,4.607,0,205863,2173373.91,A
5,2/3/12,57.35,3.36,220.7561941,5.943,0,34875,333948,B
6,2/3/12,57.45,3.36,221.7707093,6.132,0,202505,1496305.78,A
7,2/3/12,22.2,3.031,196.8728921,8.256,0,70713,580453.32,B
8,2/3/12,45.56,3.36,223.7079023,5.825,0,155078,927610.69,A
9,2/3/12,54.43,3.36,223.9006766,5.667,0,125833,549967.89,B
10,2/3/12,56.85,3.543,130.3496774,7.545,0,126512,1867403.01,B
11,2/3/12,60.24,3.36,223.6591137,6.833,0,207499,1376732.18,A
12,2/3/12,50.58,3.702,130.3496774,12.187,0,112238,1058767.95,B
13,2/3/12,31.39,3.077,130.3496774,6.104,0,219622,1927780.74,A
14,2/3/12,42.96,3.617,189.6122277,8.424,0,200898,1877410.36,A
15,2/3/12,35.3,3.796,137.0632581,7.943,0,123737,523831.64,B
16,2/3/12,25.53,3.031,196.8728921,6.162,0,57197,475905.1,B
17,2/3/12,26.26,3.077,130.3496774,6.403,0,93188,864852.85,B
18,2/3/12,37.62,3.633,137.0632581,8.075,0,120653,1049772.04,B
19,2/3/12,36.22,3.796,137.0632581,7.943,0,203819,1345311.65,A
20,2/3/12,39.93,3.617,213.0236225,6.961,0,203742,2203523.2,A
21,2/3/12,55.83,3.36,219.8118854,7.057,0,140167,680725.43,B
22,2/3/12,40.58,3.633,141.0161924,7.503,0,119557,958487.75,B
23,2/3/12,29.71,3.633,137.0632581,4.261,0,114533,1261872.67,B
24,2/3/12,38.61,3.796,137.0632581,8.659,0,203819,1249696.97,A
25,2/3/12,34.98,3.617,213.0236225,6.961,0,128107,642776.4,B
26,2/3/12,25.24,3.633,137.0632581,7.467,0,152513,939158.25,A
27,2/3/12,42.52,3.796,141.0161924,8.009,0,204184,1564246.02,A
28,2/3/12,50.58,3.702,130.3496774,12.187,0,206302,1531599.44,A
29,2/3/12,40.58,3.633,137.0632581,8.988,0,93638,493159.35,B
30,2/3/12,55.83,3.36,219.8118854,7.057,0,42988,434080.74,C
31,2/3/12,55.83,3.36,219.8118854,7.057,0,203750,1391479.91,A
32,2/3/12,35.89,3.031,196.8728921,8.256,0,203007,1156826.31,A
33,2/3/12,59.53,3.543,130.3496774,7.603,0,39690,256091.32,A
34,2/3/12,38.64,3.354,130.3496774,9.653,0,158114,939367.14,A
35,2/3/12,42.52,3.617,141.0161924,8.744,0,103681,746901.03,B
36,2/3/12,61.33,3.421,218.8619099,7.244,0,39910,310982.87,A
37,2/3/12,61.33,3.36,218.8619099,7.244,0,39910,555424.24,C
38,2/3/12,50.58,3.702,130.3496774,12.187,0,39690,457711.68,C
39,2/3/12,60.69,3.36,218.8619099,7.244,0,184109,1396150.15,A
40,2/3/12,27.86,3.633,137.0632581,4.261,0,155083,979552.34,A
41,2/3/12,31.65,3.031,196.8728921,6.589,0,196321,1208825.6,A
42,2/3/12,56.85,3.543,130.3496774,7.545,0,39690,588448.21,C
43,2/3/12,51.92,3.36,211.6762005,9.653,0,41062,629176.71,C
44,2/3/12,31.39,3.077,130.3496774,5.774,0,39910,325986.05,C
45,2/3/12,42.96,3.617,189.6122277,8.424,0,118221,757330.95,B
1,2/10/12,48.02,3.409,220.2651783,7.348,1,151315,1802477.43,A
2,2/10/12,46.98,3.409,219.9049073,7.057,1,202307,2103322.68,A
3,2/10/12,51.65,3.409,223.753643,6.833,1,37392,473292.47,B
4,2/10/12,33,3.411,130.3849032,4.607,1,205863,2374660.64,A
5,2/10/12,48.57,3.409,220.849586,5.943,1,34875,349239.88,B
6,2/10/12,48.58,3.409,221.8644987,6.132,1,202505,1620603.92,A
7,2/10/12,18.79,3.103,196.9195056,8.256,1,70713,563460.77,B
8,2/10/12,35.71,3.409,223.8024507,5.825,1,155078,1021400.42,A
9,2/10/12,44.03,3.409,223.9953006,5.667,1,125833,609736.12,B
10,2/10/12,55.73,3.722,130.3849032,7.545,1,126512,2218595.8,B
11,2/10/12,52.23,3.409,223.753643,6.833,1,207499,1574287.76,A
12,2/10/12,52.27,3.722,130.3849032,12.187,1,112238,1199330.85,B
13,2/10/12,33.73,3.116,130.3849032,6.104,1,219622,2069284.57,A
14,2/10/12,37,3.64,189.7076048,8.424,1,200898,2077256.24,A
15,2/10/12,31.91,3.826,137.1666774,7.943,1,123737,628218.22,B
16,2/10/12,23.69,3.103,196.9195056,6.162,1,57197,473766.97,B
17,2/10/12,23.63,3.116,130.3849032,6.403,1,93188,880165.7,B
18,2/10/12,32.83,3.655,137.1666774,8.075,1,120653,1161615.51,B
19,2/10/12,32.61,3.826,137.1666774,7.943,1,203819,1499496.67,A
20,2/10/12,33.47,3.64,213.1186138,6.961,1,203742,2462978.28,A
21,2/10/12,46.52,3.409,219.9049073,7.057,1,140167,770652.79,B
22,2/10/12,35.68,3.655,141.1199827,7.503,1,119557,1034448.07,B
23,2/10/12,26.6,3.655,137.1666774,4.261,1,114533,1358444.07,B
24,2/10/12,33.82,3.826,137.1666774,8.659,1,203819,1403460.87,A
25,2/10/12,32.47,3.64,213.1186138,6.961,1,128107,658984.38,B
26,2/10/12,23.89,3.655,137.1666774,7.467,1,152513,1081005.64,A
27,2/10/12,37.86,3.826,141.1199827,8.009,1,204184,1651605.35,A
28,2/10/12,52.27,3.722,130.3849032,12.187,1,206302,1572966.15,A
29,2/10/12,35.68,3.655,137.1666774,8.988,1,93638,545840.05,B
30,2/10/12,46.52,3.409,219.9049073,7.057,1,42988,451365.99,C
31,2/10/12,46.52,3.409,219.9049073,7.057,1,203750,1527688.58,A
32,2/10/12,23.34,3.103,196.9195056,8.256,1,203007,1129422.86,A
33,2/10/12,59.94,3.722,130.3849032,7.603,1,39690,282552.58,A
34,2/10/12,36.7,3.411,130.3849032,9.653,1,158114,1047658.09,A
35,2/10/12,37.86,3.64,141.1199827,8.744,1,103681,849779.14,B
36,2/10/12,54.49,3.462,218.9551002,7.244,1,39910,335741.9,A
37,2/10/12,54.49,3.409,218.9551002,7.244,1,39910,527041.46,C
38,2/10/12,52.27,3.722,130.3849032,12.187,1,39690,469787.38,C
39,2/10/12,52.89,3.409,218.9551002,7.244,1,184109,1442988.44,A
40,2/10/12,23.92,3.655,137.1666774,4.261,1,155083,999785.48,A
41,2/10/12,22,3.103,196.9195056,6.589,1,196321,1238844.56,A
42,2/10/12,55.73,3.722,130.3849032,7.545,1,39690,674919.45,C
43,2/10/12,46.54,3.409,211.7644101,9.653,1,41062,662198.65,C
44,2/10/12,33.73,3.116,130.3849032,5.774,1,39910,325377.97,C
45,2/10/12,37,3.64,189.7076048,8.424,1,118221,803657.12,B
1,2/17/12,45.32,3.51,220.4257586,7.348,0,151315,1819870,A
2,2/17/12,43.82,3.51,220.0651993,7.057,0,202307,2196688.46,A
3,2/17/12,52.39,3.51,223.9170153,6.833,0,37392,475591.08,B
4,2/17/12,34.19,3.493,130.4546207,4.607,0,205863,2427640.17,A
5,2/17/12,48.25,3.51,221.0106341,5.943,0,34875,356427.98,B
6,2/17/12,49.03,3.51,222.026359,6.132,0,202505,1632616.09,A
7,2/17/12,27.03,3.113,196.9432711,8.256,0,70713,620908.18,B
8,2/17/12,37.51,3.51,223.9658621,5.825,0,155078,1096232.89,A
9,2/17/12,43.81,3.51,224.1588663,5.667,0,125833,658965.05,B
10,2/17/12,54.12,3.781,130.4546207,7.545,0,126512,2168709.76,B
11,2/17/12,52.77,3.51,223.9170153,6.833,0,207499,1569607.94,A
12,2/17/12,51.8,3.781,130.4546207,12.187,0,112238,1240048.85,B
13,2/17/12,36.57,3.119,130.4546207,6.104,0,219622,2214477.06,A
14,2/17/12,36.85,3.695,189.8424834,8.424,0,200898,2020550.99,A
15,2/17/12,30.26,3.874,137.2583103,7.943,0,123737,598502.83,B
16,2/17/12,31.19,3.113,196.9432711,6.162,0,57197,494069.49,B
17,2/17/12,30.76,3.119,130.4546207,6.403,0,93188,927084.65,B
18,2/17/12,32.87,3.703,137.2583103,8.075,0,120653,1115985.81,B
19,2/17/12,30.95,3.874,137.2583103,7.943,0,203819,1424720.27,A
20,2/17/12,31.11,3.695,213.2732106,6.961,0,203742,2309025.16,A
21,2/17/12,45.03,3.51,220.0651993,7.057,0,140167,834663.52,B
22,2/17/12,36.25,3.703,141.2140357,7.503,0,119557,1004749.41,B
23,2/17/12,27.01,3.703,137.2583103,4.261,0,114533,1365546.69,B
24,2/17/12,33.92,3.874,137.2583103,8.659,0,203819,1326370.08,A
25,2/17/12,32.23,3.695,213.2732106,6.961,0,128107,654088.02,B
26,2/17/12,23.9,3.703,137.2583103,7.467,0,152513,965788.76,A
27,2/17/12,37.24,3.874,141.2140357,8.009,0,204184,1606221.56,A
28,2/17/12,51.8,3.781,130.4546207,12.187,0,206302,1501503.68,A
29,2/17/12,36.25,3.703,137.2583103,8.988,0,93638,559606.91,B
30,2/17/12,45.03,3.51,220.0651993,7.057,0,42988,435109.11,C
31,2/17/12,45.03,3.51,220.0651993,7.057,0,203750,1570813.52,A
32,2/17/12,24.26,3.113,196.9432711,8.256,0,203007,1243812.59,A
33,2/17/12,57.8,3.781,130.4546207,7.603,0,39690,266300.98,A
34,2/17/12,37.25,3.493,130.4546207,9.653,0,158114,1123446.51,A
35,2/17/12,37.24,3.695,141.2140357,8.744,0,103681,824568.39,B
36,2/17/12,54.38,3.503,219.1148297,7.244,0,39910,326316.73,A
37,2/17/12,54.38,3.51,219.1148297,7.244,0,39910,541071.29,C
38,2/17/12,51.8,3.781,130.4546207,12.187,0,39690,415513.97,C
39,2/17/12,52.75,3.51,219.1148297,7.244,0,184109,1511041.69,A
40,2/17/12,25.56,3.703,137.2583103,4.261,0,155083,975500.87,A
41,2/17/12,22.52,3.113,196.9432711,6.589,0,196321,1330451.46,A
42,2/17/12,54.12,3.781,130.4546207,7.545,0,39690,606671.5,C
43,2/17/12,49.38,3.51,211.916835,9.653,0,41062,660632.05,C
44,2/17/12,36.57,3.119,130.4546207,5.774,0,39910,320691.21,C
45,2/17/12,36.85,3.695,189.8424834,8.424,0,118221,858853.75,B
1,2/24/12,57.25,3.555,220.636902,7.348,0,151315,1539387.83,A
2,2/24/12,54.63,3.555,220.275944,7.057,0,202307,1861802.7,A
3,2/24/12,60.12,3.555,224.1320199,6.833,0,37392,418925.47,B
4,2/24/12,41.31,3.541,130.5502069,4.607,0,205863,2226662.17,A
5,2/24/12,57.75,3.555,221.2224243,5.943,0,34875,312220.47,B
6,2/24/12,59.17,3.555,222.2392726,6.132,0,202505,1465187.71,A
7,2/24/12,24.41,3.129,196.9499007,8.256,0,70713,603041.14,B
8,2/24/12,46.33,3.555,224.1809207,5.825,0,155078,928537.54,A
9,2/24/12,53.67,3.555,224.3741384,5.667,0,125833,563578.79,B
10,2/24/12,56.02,3.95,130.5502069,7.545,0,126512,2039415.74,B
11,2/24/12,61.11,3.555,224.1320199,6.833,0,207499,1379473.03,A
12,2/24/12,53.13,3.95,130.5502069,12.187,0,112238,1112034.72,B
13,2/24/12,35.38,3.145,130.5502069,6.104,0,219622,1929768.03,A
14,2/24/12,42.86,3.739,190.0069881,8.424,0,200898,1875040.16,A
15,2/24/12,33.18,3.917,137.3411034,7.943,0,123737,561137.06,B
16,2/24/12,26.21,3.129,196.9499007,6.162,0,57197,495720.3,B
17,2/24/12,30.01,3.145,130.5502069,6.403,0,93188,843864.43,B
18,2/24/12,36.34,3.751,137.3411034,8.075,0,120653,1037861.11,B
19,2/24/12,33.91,3.917,137.3411034,7.943,0,203819,1352470.09,A
20,2/24/12,39.79,3.739,213.4725116,6.961,0,203742,2045837.55,A
21,2/24/12,54.81,3.555,220.275944,7.057,0,140167,747099.07,B
22,2/24/12,39,3.751,141.3007857,7.503,0,119557,912958.95,B
23,2/24/12,31.12,3.751,137.3411034,4.261,0,114533,1272948.27,B
24,2/24/12,37.35,3.917,137.3411034,8.659,0,203819,1303233.15,A
25,2/24/12,35.51,3.739,213.4725116,6.961,0,128107,613501.05,B
26,2/24/12,28.06,3.751,137.3411034,7.467,0,152513,917924.47,A
27,2/24/12,41.74,3.917,141.3007857,8.009,0,204184,1648602.39,A
28,2/24/12,53.13,3.95,130.5502069,12.187,0,206302,1323487.91,A
29,2/24/12,39,3.751,137.3411034,8.988,0,93638,488782.63,B
30,2/24/12,54.81,3.555,220.275944,7.057,0,42988,425215.71,C
31,2/24/12,54.81,3.555,220.275944,7.057,0,203750,1392543.37,A
32,2/24/12,33.41,3.129,196.9499007,8.256,0,203007,1091822.72,A
33,2/24/12,59.41,3.95,130.5502069,7.603,0,39690,242526.7,A
34,2/24/12,39.89,3.541,130.5502069,9.653,0,158114,950154.24,A
35,2/24/12,41.74,3.739,141.3007857,8.744,0,103681,805028.74,B
36,2/24/12,62.21,3.55,219.3244636,7.244,0,39910,313270.45,A
37,2/24/12,62.21,3.555,219.3244636,7.244,0,39910,518696.89,C
38,2/24/12,53.13,3.95,130.5502069,12.187,0,39690,409411.61,C
39,2/24/12,61.1,3.555,219.3244636,7.244,0,184109,1412065.04,A
40,2/24/12,29.88,3.751,137.3411034,4.261,0,155083,919301.81,A
41,2/24/12,27.89,3.129,196.9499007,6.589,0,196321,1224915.66,A
42,2/24/12,56.02,3.95,130.5502069,7.545,0,39690,564304.15,C
43,2/24/12,53.53,3.555,212.1174212,9.653,0,41062,613042.97,C
44,2/24/12,35.38,3.145,130.5502069,5.774,0,39910,315641.8,C
45,2/24/12,42.86,3.739,190.0069881,8.424,0,118221,753060.78,B
1,3/2/12,60.96,3.63,220.8480454,7.348,0,151315,1688420.76,A
2,3/2/12,58.79,3.63,220.4866886,7.057,0,202307,1952555.66,A
3,3/2/12,61.65,3.63,224.3470245,6.833,0,37392,469752.56,B
4,3/2/12,50.38,3.619,130.6457931,4.607,0,205863,2206319.9,A
5,3/2/12,60.66,3.63,221.4342146,5.943,0,34875,359206.21,B
6,3/2/12,60.32,3.63,222.4521862,6.132,0,202505,1550385.65,A
7,3/2/12,21.64,3.191,196.9565303,8.256,0,70713,551058.13,B
8,3/2/12,50.95,3.63,224.3959793,5.825,0,155078,952264.91,A
9,3/2/12,57.2,3.63,224.5894104,5.667,0,125833,619498.28,B
10,3/2/12,57.62,3.882,130.6457931,7.545,0,126512,1990371.02,B
11,3/2/12,62.61,3.63,224.3470245,6.833,0,207499,1438383.44,A
12,3/2/12,52.27,4.178,130.6457931,12.187,0,112238,1147636.96,B
13,3/2/12,32.36,3.242,130.6457931,6.104,0,219622,1969742.76,A
14,3/2/12,41.55,3.816,190.1714927,8.424,0,200898,1926004.99,A
15,3/2/12,33.24,3.983,137.4238966,7.943,0,123737,541292.64,B
16,3/2/12,23.4,3.191,196.9565303,6.162,0,57197,464189.09,B
17,3/2/12,26.28,3.242,130.6457931,6.403,0,93188,856178.47,B
18,3/2/12,33.59,3.827,137.4238966,8.075,0,120653,1047178.91,B
19,3/2/12,34.83,3.983,137.4238966,7.943,0,203819,1308977.05,A
20,3/2/12,39.98,3.816,213.6718127,6.961,0,203742,2148822.76,A
21,3/2/12,59.3,3.63,220.4866886,7.057,0,140167,764385.4,B
22,3/2/12,37.47,3.827,141.3875357,7.503,0,119557,974866.65,B
23,3/2/12,25.91,3.827,137.4238966,4.261,0,114533,1322852.2,B
24,3/2/12,35.36,3.983,137.4238966,8.659,0,203819,1213994.39,A
25,3/2/12,36.01,3.816,213.6718127,6.961,0,128107,643155.89,B
26,3/2/12,22.49,3.827,137.4238966,7.467,0,152513,955641.74,A
27,3/2/12,40.07,3.983,141.3875357,8.009,0,204184,1509323.09,A
28,3/2/12,52.27,4.178,130.6457931,12.187,0,206302,1451740.57,A
29,3/2/12,37.47,3.827,137.4238966,8.988,0,93638,500801.72,B
30,3/2/12,59.3,3.63,220.4866886,7.057,0,42988,438640.61,C
31,3/2/12,59.3,3.63,220.4866886,7.057,0,203750,1427881.22,A
32,3/2/12,33.4,3.191,196.9565303,8.256,0,203007,1153332.89,A
33,3/2/12,60.91,3.882,130.6457931,7.603,0,39690,248051.53,A
34,3/2/12,42.74,3.619,130.6457931,9.653,0,158114,990263.7,A
35,3/2/12,40.07,3.816,141.3875357,8.744,0,103681,766571.1,B
36,3/2/12,64.54,3.619,219.5340975,7.244,0,39910,315396.72,A
37,3/2/12,64.54,3.63,219.5340975,7.244,0,39910,525559.17,C
38,3/2/12,52.27,4.178,130.6457931,12.187,0,39690,471115.38,C
39,3/2/12,64.05,3.63,219.5340975,7.244,0,184109,1453047.02,A
40,3/2/12,23.79,3.827,137.4238966,4.261,0,155083,927732.02,A
41,3/2/12,27.39,3.191,196.9565303,6.589,0,196321,1239813.26,A
42,3/2/12,57.62,3.882,130.6457931,7.545,0,39690,585895.34,C
43,3/2/12,56.43,3.63,212.3180074,9.653,0,41062,693249.98,C
44,3/2/12,32.36,3.242,130.6457931,5.774,0,39910,316687.22,C
45,3/2/12,41.55,3.816,190.1714927,8.424,0,118221,782796.01,B
1,3/9/12,58.76,3.669,221.0591887,7.348,0,151315,1675431.16,A
2,3/9/12,57.11,3.669,220.6974332,7.057,0,202307,1937628.26,A
3,3/9/12,60.71,3.669,224.5620291,6.833,0,37392,445162.05,B
4,3/9/12,53.63,3.667,130.7413793,4.607,0,205863,2202450.81,A
5,3/9/12,57.69,3.669,221.6460048,5.943,0,34875,347295.6,B
6,3/9/12,57.89,3.669,222.6650998,6.132,0,202505,1569304.4,A
7,3/9/12,30.1,3.286,196.9631599,8.256,0,70713,579166.5,B
8,3/9/12,49.59,3.669,224.6110379,5.825,0,155078,960115.56,A
9,3/9/12,54.03,3.669,224.8046825,5.667,0,125833,574955.95,B
10,3/9/12,57.65,3.963,130.7413793,7.545,0,126512,1917483.1,B
11,3/9/12,61.44,3.669,224.5620291,6.833,0,207499,1413382.76,A
12,3/9/12,54.54,4.25,130.7413793,12.187,0,112238,1113208.57,B
13,3/9/12,38.24,3.38,130.7413793,6.104,0,219622,1986445.65,A
14,3/9/12,45.52,3.848,190.3359973,8.424,0,200898,2020839.31,A
15,3/9/12,36.97,4.021,137.5066897,7.943,0,123737,545120.67,B
16,3/9/12,28.16,3.286,196.9631599,6.162,0,57197,495951.66,B
17,3/9/12,32.02,3.38,130.7413793,6.403,0,93188,860224.98,B
18,3/9/12,38.1,3.876,137.5066897,8.075,0,120653,1084894.47,B
19,3/9/12,38.15,4.021,137.5066897,7.943,0,203819,1358816.46,A
20,3/9/12,41.14,3.848,213.8711137,6.961,0,203742,2139265.4,A
21,3/9/12,57.16,3.669,220.6974332,7.057,0,140167,755084.4,B
22,3/9/12,41.72,3.876,141.4742857,7.503,0,119557,991127.01,B
23,3/9/12,33.11,3.876,137.5066897,4.261,0,114533,1292724.9,B
24,3/9/12,41.5,4.021,137.5066897,8.659,0,203819,1325835.7,A
25,3/9/12,37.44,3.848,213.8711137,6.961,0,128107,643711.53,B
26,3/9/12,29.03,3.876,137.5066897,7.467,0,152513,1028569.01,A
27,3/9/12,44.32,4.021,141.4742857,8.009,0,204184,1607343.41,A
28,3/9/12,54.54,4.25,130.7413793,12.187,0,206302,1680764.06,A
29,3/9/12,41.72,3.876,137.5066897,8.988,0,93638,504750.35,B
30,3/9/12,57.16,3.669,220.6974332,7.057,0,42988,446617.89,C
31,3/9/12,57.16,3.669,220.6974332,7.057,0,203750,1439034.86,A
32,3/9/12,39.9,3.286,196.9631599,8.256,0,203007,1124537.97,A
33,3/9/12,62.2,3.963,130.7413793,7.603,0,39690,287346.29,A
34,3/9/12,42.7,3.667,130.7413793,9.653,0,158114,976393.43,A
35,3/9/12,44.32,3.848,141.4742857,8.744,0,103681,796351.35,B
36,3/9/12,63.19,3.647,219.7437314,7.244,0,39910,318674.93,A
37,3/9/12,63.19,3.669,219.7437314,7.244,0,39910,535937.25,C
38,3/9/12,54.54,4.25,130.7413793,12.187,0,39690,452792.53,C
39,3/9/12,61.64,3.669,219.7437314,7.244,0,184109,1470764.35,A
40,3/9/12,30.58,3.876,137.5066897,4.261,0,155083,954233.87,A
41,3/9/12,35.3,3.286,196.9631599,6.589,0,196321,1243814.77,A
42,3/9/12,57.65,3.963,130.7413793,7.545,0,39690,659816.15,C
43,3/9/12,54.52,3.669,212.5185936,9.653,0,41062,636677.67,C
44,3/9/12,38.24,3.38,130.7413793,5.774,0,39910,303438.24,C
45,3/9/12,45.52,3.848,190.3359973,8.424,0,118221,776968.87,B
1,3/16/12,64.74,3.734,221.2118132,7.348,0,151315,1677472.78,A
2,3/16/12,63.68,3.734,220.8498468,7.057,0,202307,1976082.13,A
3,3/16/12,64,3.734,224.7166953,6.833,0,37392,411775.8,B
4,3/16/12,59.81,3.707,130.8261935,4.607,0,205863,2214967.44,A
5,3/16/12,63.55,3.734,221.7989713,5.943,0,34875,339392.54,B
6,3/16/12,62.8,3.734,222.8186603,6.132,0,202505,1748010.29,A
7,3/16/12,37.29,3.486,197.0457208,8.256,0,70713,669205.73,B
8,3/16/12,56.63,3.734,224.7657327,5.825,0,155078,921178.39,A
9,3/16/12,59.94,3.734,224.9594902,5.667,0,125833,550373.57,B
10,3/16/12,62.11,4.273,130.8261935,7.545,0,126512,1930814.66,B
11,3/16/12,64.21,3.734,224.7166953,6.833,0,207499,1441884.28,A
12,3/16/12,64.44,4.273,130.8261935,12.187,0,112238,1088498.52,B
13,3/16/12,52.5,3.529,130.8261935,6.104,0,219622,2025582.62,A
14,3/16/12,50.56,3.862,190.4618964,8.424,0,200898,1941040.5,A
15,3/16/12,47.42,4.021,137.5843871,7.943,0,123737,570611.23,B
16,3/16/12,38.02,3.486,197.0457208,6.162,0,57197,520850.71,B
17,3/16/12,43.69,3.529,130.8261935,6.403,0,93188,853136.46,B
18,3/16/12,45.84,3.867,137.5843871,8.075,0,120653,1022018.43,B
19,3/16/12,48.2,4.021,137.5843871,7.943,0,203819,1312849.1,A
20,3/16/12,53.73,3.862,214.0167132,6.961,0,203742,2064991.71,A
21,3/16/12,63.39,3.734,220.8498468,7.057,0,140167,767338.32,B
22,3/16/12,46.06,3.867,141.55478,7.503,0,119557,966780.01,B
23,3/16/12,41.19,3.867,137.5843871,4.261,0,114533,1258364.31,B
24,3/16/12,48.68,4.021,137.5843871,8.659,0,203819,1239299.12,A
25,3/16/12,50.64,3.862,214.0167132,6.961,0,128107,638204.27,B
26,3/16/12,35.06,3.867,137.5843871,7.467,0,152513,919503.4,A
27,3/16/12,49.6,4.021,141.55478,8.009,0,204184,1635984.07,A
28,3/16/12,64.44,4.273,130.8261935,12.187,0,206302,1337875.49,A
29,3/16/12,46.06,3.867,137.5843871,8.988,0,93638,489293.72,B
30,3/16/12,63.39,3.734,220.8498468,7.057,0,42988,413617.45,C
31,3/16/12,63.39,3.734,220.8498468,7.057,0,203750,1481728.13,A
32,3/16/12,51.51,3.486,197.0457208,8.256,0,203007,1138101.18,A
33,3/16/12,65.99,4.273,130.8261935,7.603,0,39690,278067.73,A
34,3/16/12,48.09,3.707,130.8261935,9.653,0,158114,999298.43,A
35,3/16/12,49.6,3.862,141.55478,8.744,0,103681,793045.82,B
36,3/16/12,67.48,3.779,219.8956335,7.244,0,39910,335345.82,A
37,3/16/12,67.48,3.734,219.8956335,7.244,0,39910,484588.34,C
38,3/16/12,64.44,4.273,130.8261935,12.187,0,39690,428465.11,C
39,3/16/12,65.81,3.734,219.8956335,7.244,0,184109,1522421.07,A
40,3/16/12,37.13,3.867,137.5843871,4.261,0,155083,891154.18,A
41,3/16/12,47.76,3.486,197.0457208,6.589,0,196321,1201511.62,A
42,3/16/12,62.11,4.273,130.8261935,7.545,0,39690,618767.26,C
43,3/16/12,57.88,3.734,212.6651567,9.653,0,41062,661707.02,C
44,3/16/12,52.5,3.529,130.8261935,5.774,0,39910,331965.95,C
45,3/16/12,50.56,3.862,190.4618964,8.424,0,118221,788340.23,B
1,3/23/12,65.93,3.787,221.2864126,7.348,0,151315,1511068.07,A
2,3/23/12,64.01,3.787,220.9244858,7.057,0,202307,1790439.16,A
3,3/23/12,66.53,3.787,224.7909104,6.833,0,37392,413907.25,B
4,3/23/12,59.07,3.759,130.8966452,4.607,0,205863,2091592.54,A
5,3/23/12,64.44,3.787,221.8735063,5.943,0,34875,321299.99,B
6,3/23/12,63.71,3.787,222.8930835,6.132,0,202505,1495143.62,A
7,3/23/12,35.06,3.664,197.2295234,8.256,0,70713,615997.29,B
8,3/23/12,52.9,3.787,224.8399424,5.825,0,155078,874223.25,A
9,3/23/12,58.79,3.787,225.0336786,5.667,0,125833,550791.32,B
10,3/23/12,56.54,4.288,130.8966452,7.545,0,126512,1837457.69,B
11,3/23/12,67.16,3.787,224.7909104,6.833,0,207499,1300593.61,A
12,3/23/12,56.26,4.038,130.8966452,12.187,0,112238,1045419.87,B
13,3/23/12,47.83,3.671,130.8966452,6.104,0,219622,1904421.74,A
14,3/23/12,59.45,3.9,190.5363213,8.424,0,200898,1893447.71,A
15,3/23/12,58.92,4.054,137.6552903,7.943,0,123737,565481.88,B
16,3/23/12,38.7,3.664,197.2295234,6.162,0,57197,493503.89,B
17,3/23/12,40.69,3.671,130.8966452,6.403,0,93188,851762.28,B
18,3/23/12,58.06,3.889,137.6552903,8.075,0,120653,1031139.3,B
19,3/23/12,56.72,4.054,137.6552903,7.943,0,203819,1342254.55,A
20,3/23/12,66.11,3.9,214.0907105,6.961,0,203742,1992436.96,A
21,3/23/12,62.96,3.787,220.9244858,7.057,0,140167,729759.97,B
22,3/23/12,54.68,3.889,141.6269332,7.503,0,119557,992774.4,B
23,3/23/12,57.82,3.889,137.6552903,4.261,0,114533,1288154.1,B
24,3/23/12,59.51,4.054,137.6552903,8.659,0,203819,1221723.94,A
25,3/23/12,62.7,3.9,214.0907105,6.961,0,128107,672831.78,B
26,3/23/12,49.97,3.889,137.6552903,7.467,0,152513,874790.68,A
27,3/23/12,57.3,4.054,141.6269332,8.009,0,204184,1620839.34,A
28,3/23/12,56.26,4.038,130.8966452,12.187,0,206302,1216059.41,A
29,3/23/12,54.68,3.889,137.6552903,8.988,0,93638,517408.48,B
30,3/23/12,62.96,3.787,220.9244858,7.057,0,42988,430222.97,C
31,3/23/12,62.96,3.787,220.9244858,7.057,0,203750,1365824.97,A
32,3/23/12,47.64,3.664,197.2295234,8.256,0,203007,1146632.46,A
33,3/23/12,60.82,4.288,130.8966452,7.603,0,39690,246970.97,A
34,3/23/12,47.93,3.759,130.8966452,9.653,0,158114,945143.33,A
35,3/23/12,57.3,3.9,141.6269332,8.744,0,103681,760671.1,B
36,3/23/12,69.18,3.845,219.9705599,7.244,0,39910,317872.51,A
37,3/23/12,69.18,3.787,219.9705599,7.244,0,39910,520887.23,C
38,3/23/12,56.26,4.038,130.8966452,12.187,0,39690,412456.48,C
39,3/23/12,67.91,3.787,219.9705599,7.244,0,184109,1469593.37,A
40,3/23/12,52.27,3.889,137.6552903,4.261,0,155083,844490.86,A
41,3/23/12,44.04,3.664,197.2295234,6.589,0,196321,1215354.38,A
42,3/23/12,56.54,4.288,130.8966452,7.545,0,39690,561226.38,C
43,3/23/12,56.28,3.787,212.7396889,9.653,0,41062,610940.94,C
44,3/23/12,47.83,3.671,130.8966452,5.774,0,39910,296947.06,C
45,3/23/12,59.45,3.9,190.5363213,8.424,0,118221,791835.37,B
1,3/30/12,67.61,3.845,221.3610119,7.348,0,151315,1649604.63,A
2,3/30/12,66.83,3.845,220.9991248,7.057,0,202307,1857480.84,A
3,3/30/12,69.36,3.845,224.8651254,6.833,0,37392,407488.84,B
4,3/30/12,72.63,3.82,130.9670968,4.607,0,205863,2089381.77,A
5,3/30/12,67.76,3.845,221.9480412,5.943,0,34875,331318.73,B
6,3/30/12,67.91,3.845,222.9675066,6.132,0,202505,1508933.26,A
7,3/30/12,44.99,3.75,197.4133259,8.256,0,70713,583322.2,B
8,3/30/12,66.69,3.845,224.9141521,5.825,0,155078,905935.29,A
9,3/30/12,67.87,3.845,225.107867,5.667,0,125833,574985.37,B
10,3/30/12,67.92,4.294,130.9670968,7.545,0,126512,1815760.42,B
11,3/30/12,70.23,3.845,224.8651254,6.833,0,207499,1300104.03,A
12,3/30/12,64.36,4.294,130.9670968,12.187,0,112238,1025382.22,B
13,3/30/12,53.2,3.734,130.9670968,6.104,0,219622,1948982.7,A
14,3/30/12,50.04,3.953,190.6107463,8.424,0,200898,1905033.01,A
15,3/30/12,42.65,4.098,137.7261935,7.943,0,123737,557547.25,B
16,3/30/12,48.29,3.75,197.4133259,6.162,0,57197,485095.41,B
17,3/30/12,45.29,3.734,130.9670968,6.403,0,93188,872469.03,B
18,3/30/12,45.35,3.921,137.7261935,8.075,0,120653,1009121.2,B
19,3/30/12,43.47,4.098,137.7261935,7.943,0,203819,1327139.35,A
20,3/30/12,51.52,3.953,214.1647079,6.961,0,203742,2074721.74,A
21,3/30/12,67.87,3.845,220.9991248,7.057,0,140167,724798.76,B
22,3/30/12,46.4,3.921,141.6990864,7.503,0,119557,965769.93,B
23,3/30/12,36.71,3.921,137.7261935,4.261,0,114533,1261964.96,B
24,3/30/12,47.28,4.098,137.7261935,8.659,0,203819,1230106.13,A
25,3/30/12,47.92,3.953,214.1647079,6.961,0,128107,684348.92,B
26,3/30/12,33.33,3.921,137.7261935,7.467,0,152513,922018.43,A
27,3/30/12,49.4,4.098,141.6990864,8.009,0,204184,1615494.14,A
28,3/30/12,64.36,4.294,130.9670968,12.187,0,206302,1209524.11,A
29,3/30/12,46.4,3.921,137.7261935,8.988,0,93638,504566.28,B
30,3/30/12,67.87,3.845,220.9991248,7.057,0,42988,449603.91,C
31,3/30/12,67.87,3.845,220.9991248,7.057,0,203750,1318854.22,A
32,3/30/12,56.09,3.75,197.4133259,8.256,0,203007,1108686.87,A
33,3/30/12,71.34,4.294,130.9670968,7.603,0,39690,251327.67,A
34,3/30/12,59.29,3.82,130.9670968,9.653,0,158114,938861.77,A
35,3/30/12,49.4,3.953,141.6990864,8.744,0,103681,744525.69,B
36,3/30/12,70.48,3.891,220.0454862,7.244,0,39910,304144.9,A
37,3/30/12,70.48,3.845,220.0454862,7.244,0,39910,533734.94,C
38,3/30/12,64.36,4.294,130.9670968,12.187,0,39690,408679.36,C
39,3/30/12,69.11,3.845,220.0454862,7.244,0,184109,1499727.02,A
40,3/30/12,36.25,3.921,137.7261935,4.261,0,155083,871945.64,A
41,3/30/12,51.56,3.75,197.4133259,6.589,0,196321,1239423.19,A
42,3/30/12,67.92,4.294,130.9670968,7.545,0,39690,544408.14,C
43,3/30/12,69.88,3.845,212.8142212,9.653,0,41062,623258.4,C
44,3/30/12,53.2,3.734,130.9670968,5.774,0,39910,310027.29,C
45,3/30/12,50.04,3.953,190.6107463,8.424,0,118221,777254.06,B
1,4/6/12,70.43,3.891,221.4356112,7.143,0,151315,1899676.88,A
2,4/6/12,68.43,3.891,221.0737638,6.891,0,202307,2129035.91,A
3,4/6/12,73.01,3.891,224.9393405,6.664,0,37392,503232.13,B
4,4/6/12,67.69,3.864,131.0375484,4.308,0,205863,2470206.13,A
5,4/6/12,70.4,3.891,222.0225762,5.801,0,34875,402985.7,B
6,4/6/12,71.6,3.891,223.0419298,5.964,0,202505,1840131.19,A
7,4/6/12,44.29,3.854,197.5971285,8.09,0,70713,621425.98,B
8,4/6/12,62.18,3.891,224.9883618,5.679,0,155078,1046816.59,A
9,4/6/12,68.83,3.891,225.1820555,5.539,0,125833,677885.99,B
10,4/6/12,65.99,4.282,131.0375484,7.382,0,126512,2163384.17,B
11,4/6/12,74.19,3.891,224.9393405,6.664,0,207499,1596325.01,A
12,4/6/12,64.05,4.121,131.0375484,11.627,0,112238,1128765.71,B
13,4/6/12,48.85,3.793,131.0375484,5.965,0,219622,2271614.76,A
14,4/6/12,49.73,3.996,190.6851712,8.567,0,200898,2376022.26,A
15,4/6/12,40.01,4.143,137.7970968,8.15,0,123737,659950.36,B
16,4/6/12,48.93,3.854,197.5971285,6.169,0,57197,502662.07,B
17,4/6/12,43.92,3.793,131.0375484,6.235,0,93188,986922.62,B
18,4/6/12,43.8,3.957,137.7970968,8.304,0,120653,1200815.3,B
19,4/6/12,40.23,4.143,137.7970968,8.15,0,203819,1631737.68,A
20,4/6/12,50.06,3.996,214.2387053,7.139,0,203742,2565259.92,A
21,4/6/12,69.02,3.891,221.0737638,6.891,0,140167,761956.58,B
22,4/6/12,46.38,3.957,141.7712396,7.671,0,119557,1197489.66,B
23,4/6/12,37.43,3.957,137.7970968,4.125,0,114533,1604605.69,B
24,4/6/12,45.25,4.143,137.7970968,8.983,0,203819,1524734.29,A
25,4/6/12,44.73,3.996,214.2387053,7.139,0,128107,791356.9,B
26,4/6/12,33.35,3.957,137.7970968,7.489,0,152513,1116829.23,A
27,4/6/12,48.73,4.143,141.7712396,8.253,0,204184,1899013.34,A
28,4/6/12,64.05,4.121,131.0375484,11.627,0,206302,1559592.79,A
29,4/6/12,46.38,3.957,137.7970968,9.14,0,93638,633826.55,B
30,4/6/12,69.02,3.891,221.0737638,6.891,0,42988,461511.92,C
31,4/6/12,69.02,3.891,221.0737638,6.891,0,203750,1496169.81,A
32,4/6/12,51.49,3.854,197.5971285,8.09,0,203007,1270577.01,A
33,4/6/12,70.75,4.282,131.0375484,7.396,0,39690,275911.97,A
34,4/6/12,54.42,3.864,131.0375484,9.575,0,158114,1091020.37,A
35,4/6/12,48.73,3.996,141.7712396,8.876,0,103681,860293.46,B
36,4/6/12,73.95,3.934,220.1204125,6.989,0,39910,331026.11,A
37,4/6/12,73.95,3.891,220.1204125,6.989,0,39910,564848.78,C
38,4/6/12,64.05,4.121,131.0375484,11.627,0,39690,499267.66,C
39,4/6/12,73.49,3.891,220.1204125,6.989,0,184109,1764847.94,A
40,4/6/12,36.54,3.957,137.7970968,4.125,0,155083,1132064.23,A
41,4/6/12,48.48,3.854,197.5971285,6.547,0,196321,1460234.31,A
42,4/6/12,65.99,4.282,131.0375484,7.382,0,39690,652312.11,C
43,4/6/12,64.7,3.891,212.8887535,9.575,0,41062,658468.27,C
44,4/6/12,48.85,3.793,131.0375484,5.621,0,39910,320021.1,C
45,4/6/12,49.73,3.996,190.6851712,8.567,0,118221,899479.43,B
1,4/13/12,69.07,3.891,221.5102105,7.143,0,151315,1621031.7,A
2,4/13/12,68.08,3.891,221.1484028,6.891,0,202307,1935869.1,A
3,4/13/12,72.83,3.891,225.0135556,6.664,0,37392,420789.74,B
4,4/13/12,68.69,3.881,131.108,4.308,0,205863,2105301.39,A
5,4/13/12,70.56,3.891,222.0971111,5.801,0,34875,351832.03,B
6,4/13/12,71.29,3.891,223.1163529,5.964,0,202505,1616394.45,A
7,4/13/12,41.43,3.901,197.780931,8.09,0,70713,517420.23,B
8,4/13/12,65.19,3.891,225.0625714,5.679,0,155078,909989.45,A
9,4/13/12,69.19,3.891,225.2562439,5.539,0,125833,578539.86,B
10,4/13/12,70.28,4.254,131.108,7.382,0,126512,1974687.51,B
11,4/13/12,72.74,3.891,225.0135556,6.664,0,207499,1472752.01,A
12,4/13/12,64.28,4.254,131.108,11.627,0,112238,1083811.19,B
13,4/13/12,51.7,3.833,131.108,5.965,0,219622,2057637.86,A
14,4/13/12,51.83,4.044,190.7595962,8.567,0,200898,1912909.69,A
15,4/13/12,43.52,4.187,137.868,8.15,0,123737,558585.13,B
16,4/13/12,45.83,3.901,197.780931,6.169,0,57197,450756.71,B
17,4/13/12,46.94,3.833,131.108,6.235,0,93188,877055.32,B
18,4/13/12,47.75,4.025,137.868,8.304,0,120653,998443.5,B
19,4/13/12,44.42,4.187,137.868,8.15,0,203819,1365098.46,A
20,4/13/12,45.68,4.044,214.3127027,7.139,0,203742,2045396.06,A
21,4/13/12,69.03,3.891,221.1484028,6.891,0,140167,769319.04,B
22,4/13/12,49.89,4.025,141.8433929,7.671,0,119557,939118.24,B
23,4/13/12,41.81,4.025,137.868,4.125,0,114533,1231752.54,B
24,4/13/12,48.65,4.187,137.868,8.983,0,203819,1285783.87,A
25,4/13/12,42.46,4.044,214.3127027,7.139,0,128107,658691.56,B
26,4/13/12,36.9,4.025,137.868,7.489,0,152513,889670.29,A
27,4/13/12,52.22,4.187,141.8433929,8.253,0,204184,1650405.21,A
28,4/13/12,64.28,4.254,131.108,11.627,0,206302,1290684.95,A
29,4/13/12,49.89,4.025,137.868,9.14,0,93638,520493.83,B
30,4/13/12,69.03,3.891,221.1484028,6.891,0,42988,428784.7,C
31,4/13/12,69.03,3.891,221.1484028,6.891,0,203750,1407842.91,A
32,4/13/12,52.1,3.901,197.780931,8.09,0,203007,1171834.47,A
33,4/13/12,73.17,4.254,131.108,7.396,0,39690,312698.67,A
34,4/13/12,59.12,3.881,131.108,9.575,0,158114,987353.65,A
35,4/13/12,52.22,4.044,141.8433929,8.876,0,103681,788633.42,B
36,4/13/12,72.54,3.919,220.1953389,6.989,0,39910,339407.94,A
37,4/13/12,72.54,3.891,220.1953389,6.989,0,39910,506973.17,C
38,4/13/12,64.28,4.254,131.108,11.627,0,39690,435790.74,C
39,4/13/12,71.59,3.891,220.1953389,6.989,0,184109,1580732.73,A
40,4/13/12,40.65,4.025,137.868,4.125,0,155083,857811.17,A
41,4/13/12,46.84,3.901,197.780931,6.547,0,196321,1323004.73,A
42,4/13/12,70.28,4.254,131.108,7.382,0,39690,639123.45,C
43,4/13/12,70.18,3.891,212.9632857,9.575,0,41062,665687.92,C
44,4/13/12,51.7,3.833,131.108,5.621,0,39910,311390.22,C
45,4/13/12,51.83,4.044,190.7595962,8.567,0,118221,781970.6,B
1,4/20/12,66.76,3.877,221.5640737,7.143,0,151315,1521577.87,A
2,4/20/12,65.69,3.877,221.2021074,6.891,0,202307,1847344.45,A
3,4/20/12,72.05,3.877,225.0689541,6.664,0,37392,434822.13,B
4,4/20/12,68.6,3.864,131.1173333,4.308,0,205863,2144336.89,A
5,4/20/12,67.33,3.877,222.1512315,5.801,0,34875,330063.06,B
6,4/20/12,68.64,3.877,223.17092,5.964,0,202505,1456073.24,A
7,4/20/12,39.3,3.936,197.7227385,8.09,0,70713,457340.06,B
8,4/20/12,63.59,3.877,225.1179914,5.679,0,155078,872288.46,A
9,4/20/12,68.04,3.877,225.3117488,5.539,0,125833,542819.03,B
10,4/20/12,67.75,4.111,131.1173333,7.382,0,126512,1777166.53,B
11,4/20/12,71.97,3.877,225.0689541,6.664,0,207499,1315356.99,A
12,4/20/12,66.73,4.222,131.1173333,11.627,0,112238,1006486.96,B
13,4/20/12,50.24,3.845,131.1173333,5.965,0,219622,1955689.12,A
14,4/20/12,63.13,4.027,190.8138013,8.567,0,200898,1875686.44,A
15,4/20/12,54.47,4.17,137.9230667,8.15,0,123737,534780.57,B
16,4/20/12,43.61,3.936,197.7227385,6.169,0,57197,436221.26,B
17,4/20/12,47.69,3.845,131.1173333,6.235,0,93188,1119979.98,B
18,4/20/12,60.88,4.046,137.9230667,8.304,0,120653,1025813.8,B
19,4/20/12,55.2,4.17,137.9230667,8.15,0,203819,1255087.26,A
20,4/20/12,60.11,4.027,214.3675045,7.139,0,203742,1884427.84,A
21,4/20/12,66.97,3.877,221.2021074,6.891,0,140167,734858.91,B
22,4/20/12,58.81,4.046,141.9015262,7.671,0,119557,1000342.87,B
23,4/20/12,56.55,4.046,137.9230667,4.125,0,114533,1287899.41,B
24,4/20/12,61.05,4.17,137.9230667,8.983,0,203819,1208654.4,A
25,4/20/12,57.1,4.027,214.3675045,7.139,0,128107,661566.48,B
26,4/20/12,50.81,4.046,137.9230667,7.489,0,152513,923600.02,A
27,4/20/12,62.62,4.17,141.9015262,8.253,0,204184,1639999.47,A
28,4/20/12,66.73,4.222,131.1173333,11.627,0,206302,1180797.2,A
29,4/20/12,58.81,4.046,137.9230667,9.14,0,93638,525200.59,B
30,4/20/12,66.97,3.877,221.2021074,6.891,0,42988,462909.41,C
31,4/20/12,66.97,3.877,221.2021074,6.891,0,203750,1407036.59,A
32,4/20/12,49.15,3.936,197.7227385,8.09,0,203007,1121405.91,A
33,4/20/12,72.94,4.111,131.1173333,7.396,0,39690,261837.2,A
34,4/20/12,55.34,3.864,131.1173333,9.575,0,158114,977628.78,A
35,4/20/12,62.62,4.027,141.9015262,8.876,0,103681,794660.24,B
36,4/20/12,70.87,3.918,220.2483937,6.989,0,39910,323915.32,A
37,4/20/12,70.87,3.877,220.2483937,6.989,0,39910,523483.19,C
38,4/20/12,66.73,4.222,131.1173333,11.627,0,39690,401615.8,C
39,4/20/12,70.04,3.877,220.2483937,6.989,0,184109,1433391.04,A
40,4/20/12,55.3,4.046,137.9230667,4.125,0,155083,896979.93,A
41,4/20/12,43.57,3.936,197.7227385,6.547,0,196321,1220815.33,A
42,4/20/12,67.75,4.111,131.1173333,7.382,0,39690,552529.23,C
43,4/20/12,67.28,3.877,213.0130524,9.575,0,41062,638144.98,C
44,4/20/12,50.24,3.845,131.1173333,5.621,0,39910,323233.8,C
45,4/20/12,63.13,4.027,190.8138013,8.567,0,118221,776661.74,B
1,4/27/12,67.23,3.814,221.6179368,7.143,0,151315,1468928.37,A
2,4/27/12,67.2,3.814,221.255812,6.891,0,202307,1764133.09,A
3,4/27/12,73.39,3.814,225.1243526,6.664,0,37392,394616.11,B
4,4/27/12,76.47,3.81,131.1266667,4.308,0,205863,2064065.66,A
5,4/27/12,68.96,3.814,222.2053519,5.801,0,34875,324839.74,B
6,4/27/12,71.5,3.814,223.2254871,5.964,0,202505,1456221.1,A
7,4/27/12,51.49,3.927,197.664546,8.09,0,70713,467827.75,B
8,4/27/12,70.34,3.814,225.1734114,5.679,0,155078,879448.25,A
9,4/27/12,73.07,3.814,225.3672537,5.539,0,125833,550414.99,B
10,4/27/12,80.11,4.088,131.1266667,7.382,0,126512,1712987.56,B
11,4/27/12,73.4,3.814,225.1243526,6.664,0,207499,1236238.29,A
12,4/27/12,77.99,4.193,131.1266667,11.627,0,112238,1004252.38,B
13,4/27/12,64.8,3.842,131.1266667,5.965,0,219622,1970121.65,A
14,4/27/12,53.2,4.004,190.8680064,8.567,0,200898,1784029.95,A
15,4/27/12,41.57,4.163,137.9781333,8.15,0,123737,527402.62,B
16,4/27/12,59.69,3.927,197.664546,6.169,0,57197,398445.15,B
17,4/27/12,59.11,3.842,131.1266667,6.235,0,93188,925916.65,B
18,4/27/12,50.43,4.023,137.9781333,8.304,0,120653,961186.23,B
19,4/27/12,42.45,4.163,137.9781333,8.15,0,203819,1285897.24,A
20,4/27/12,47.64,4.004,214.4223063,7.139,0,203742,1886503.93,A
21,4/27/12,69.21,3.814,221.255812,6.891,0,140167,674829.58,B
22,4/27/12,51.42,4.023,141.9596595,7.671,0,119557,922539.94,B
23,4/27/12,44.62,4.023,137.9781333,4.125,0,114533,1277758.76,B
24,4/27/12,49.26,4.163,137.9781333,8.983,0,203819,1194334.65,A
25,4/27/12,44.2,4.004,214.4223063,7.139,0,128107,655157.32,B
26,4/27/12,43.6,4.023,137.9781333,7.489,0,152513,911969,A
27,4/27/12,52.33,4.163,141.9596595,8.253,0,204184,1565498.84,A
28,4/27/12,77.99,4.193,131.1266667,11.627,0,206302,1170456.16,A
29,4/27/12,51.42,4.023,137.9781333,9.14,0,93638,497250.22,B
30,4/27/12,69.21,3.814,221.255812,6.891,0,42988,433744.83,C
31,4/27/12,69.21,3.814,221.255812,6.891,0,203750,1311352.25,A
32,4/27/12,61.76,3.927,197.664546,8.09,0,203007,1126962.44,A
33,4/27/12,83.07,4.088,131.1266667,7.396,0,39690,249798.75,A
34,4/27/12,66.49,3.81,131.1266667,9.575,0,158114,940299.87,A
35,4/27/12,52.33,4.004,141.9596595,8.876,0,103681,721212.45,B
36,4/27/12,70.06,3.888,220.3014485,6.989,0,39910,308389.82,A
37,4/27/12,70.06,3.814,220.3014485,6.989,0,39910,528807.45,C
38,4/27/12,77.99,4.193,131.1266667,11.627,0,39690,419964.77,C
39,4/27/12,69.11,3.814,220.3014485,6.989,0,184109,1456997.2,A
40,4/27/12,47.51,4.023,137.9781333,4.125,0,155083,875372.91,A
41,4/27/12,57.66,3.927,197.664546,6.547,0,196321,1248950.65,A
42,4/27/12,80.11,4.088,131.1266667,7.382,0,39690,526625.49,C
43,4/27/12,78.27,3.814,213.062819,9.575,0,41062,593138.59,C
44,4/27/12,64.8,3.842,131.1266667,5.621,0,39910,330338.36,C
45,4/27/12,53.2,4.004,190.8680064,8.567,0,118221,711571.88,B
1,5/4/12,75.55,3.749,221.6718,7.143,0,151315,1684519.99,A
2,5/4/12,76.73,3.749,221.3095166,6.891,0,202307,1923957.09,A
3,5/4/12,79.51,3.749,225.1797511,6.664,0,37392,439913.57,B
4,5/4/12,80.14,3.747,131.136,4.308,0,205863,2196968.33,A
5,5/4/12,77.1,3.749,222.2594722,5.801,0,34875,360932.69,B
6,5/4/12,77.66,3.749,223.2800541,5.964,0,202505,1543461.12,A
7,5/4/12,45.38,3.903,197.6063534,8.09,0,70713,465198.89,B
8,5/4/12,73.96,3.749,225.2288314,5.679,0,155078,937232.09,A
9,5/4/12,78.98,3.749,225.4227585,5.539,0,125833,586289.08,B
10,5/4/12,77.02,4.058,131.136,7.382,0,126512,1821364.42,B
11,5/4/12,79.07,3.749,225.1797511,6.664,0,207499,1370251.22,A
12,5/4/12,76.03,4.171,131.136,11.627,0,112238,1073433.69,B
13,5/4/12,54.41,3.831,131.136,5.965,0,219622,1995994.51,A
14,5/4/12,55.21,3.951,190.9222115,8.567,0,200898,1949354.29,A
15,5/4/12,51.04,4.124,138.0332,8.15,0,123737,577868.38,B
16,5/4/12,51.34,3.903,197.6063534,6.169,0,57197,426959.62,B
17,5/4/12,48.86,3.831,131.136,6.235,0,93188,930121.14,B
18,5/4/12,49.66,3.991,138.0332,8.304,0,120653,1050027.89,B
19,5/4/12,50.76,4.124,138.0332,8.15,0,203819,1405007.44,A
20,5/4/12,62.74,3.951,214.4771081,7.139,0,203742,2163510.89,A
21,5/4/12,77.53,3.749,221.3095166,6.891,0,140167,697645.32,B
22,5/4/12,50.75,3.991,142.0177929,7.671,0,119557,1005083.31,B
23,5/4/12,45.88,3.991,138.0332,4.125,0,114533,1317379.68,B
24,5/4/12,52.14,4.124,138.0332,8.983,0,203819,1306551.71,A
25,5/4/12,58.76,3.951,214.4771081,7.139,0,128107,696421.72,B
26,5/4/12,40.29,3.991,138.0332,7.489,0,152513,946573.29,A
27,5/4/12,53.68,4.124,142.0177929,8.253,0,204184,1669388.45,A
28,5/4/12,76.03,4.171,131.136,11.627,0,206302,1450628.85,A
29,5/4/12,50.75,3.991,138.0332,9.14,0,93638,504963.84,B
30,5/4/12,77.53,3.749,221.3095166,6.891,0,42988,454477.54,C
31,5/4/12,77.53,3.749,221.3095166,6.891,0,203750,1391257.28,A
32,5/4/12,58.29,3.903,197.6063534,8.09,0,203007,1187384.53,A
33,5/4/12,82.43,4.058,131.136,7.396,0,39690,270497.51,A
34,5/4/12,65.04,3.747,131.136,9.575,0,158114,991104.4,A
35,5/4/12,53.68,3.951,142.0177929,8.876,0,103681,772036.6,B
36,5/4/12,77.17,3.835,220.3545033,6.989,0,39910,312467.52,A
37,5/4/12,77.17,3.749,220.3545033,6.989,0,39910,535311.64,C
38,5/4/12,76.03,4.171,131.136,11.627,0,39690,491755.69,C
39,5/4/12,77.15,3.749,220.3545033,6.989,0,184109,1512227.34,A
40,5/4/12,44.47,3.991,138.0332,4.125,0,155083,993311.59,A
41,5/4/12,52.86,3.903,197.6063534,6.547,0,196321,1359770.73,A
42,5/4/12,77.02,4.058,131.136,7.382,0,39690,609274.89,C
43,5/4/12,77.47,3.749,213.1125857,9.575,0,41062,637964.2,C
44,5/4/12,54.41,3.831,131.136,5.621,0,39910,326053.28,C
45,5/4/12,55.21,3.951,190.9222115,8.567,0,118221,782300.68,B
1,5/11/12,73.77,3.688,221.7256632,7.143,0,151315,1611096.05,A
2,5/11/12,73.87,3.688,221.3632212,6.891,0,202307,1917520.99,A
3,5/11/12,75.19,3.688,225.2351496,6.664,0,37392,431985.36,B
4,5/11/12,67.64,3.685,131.1453333,4.308,0,205863,2127661.17,A
5,5/11/12,73.45,3.688,222.3135926,5.801,0,34875,333870.52,B
6,5/11/12,72.66,3.688,223.3346212,5.964,0,202505,1517075.67,A
7,5/11/12,48.54,3.87,197.5481609,8.09,0,70713,460397.41,B
8,5/11/12,64.96,3.688,225.2842514,5.679,0,155078,920128.89,A
9,5/11/12,70.94,3.688,225.4782634,5.539,0,125833,592572.3,B
10,5/11/12,76.03,4.186,131.1453333,7.382,0,126512,1792345.3,B
11,5/11/12,75.13,3.688,225.2351496,6.664,0,207499,1300147.07,A
12,5/11/12,77.27,4.186,131.1453333,11.627,0,112238,1041995.22,B
13,5/11/12,56.47,3.809,131.1453333,5.965,0,219622,2080764.17,A
14,5/11/12,61.24,3.889,190.9764167,8.567,0,200898,1987531.05,A
15,5/11/12,54.23,4.055,138.0882667,8.15,0,123737,579539.95,B
16,5/11/12,53.57,3.87,197.5481609,6.169,0,57197,479855,B
17,5/11/12,49.96,3.809,131.1453333,6.235,0,93188,944100.3,B
18,5/11/12,57.44,3.947,138.0882667,8.304,0,120653,1060433.1,B
19,5/11/12,55.33,4.055,138.0882667,8.15,0,203819,1442873.22,A
20,5/11/12,63.19,3.889,214.5319099,7.139,0,203742,2168097.11,A
21,5/11/12,74.14,3.688,221.3632212,6.891,0,140167,649945.54,B
22,5/11/12,56.72,3.947,142.0759262,7.671,0,119557,997868.63,B
23,5/11/12,52.9,3.947,138.0882667,4.125,0,114533,1321914.34,B
24,5/11/12,58.7,4.055,138.0882667,8.983,0,203819,1355391.79,A
25,5/11/12,59.21,3.889,214.5319099,7.139,0,128107,739866.16,B
26,5/11/12,47.11,3.947,138.0882667,7.489,0,152513,1062548.73,A
27,5/11/12,58.97,4.055,142.0759262,8.253,0,204184,1674306.31,A
28,5/11/12,77.27,4.186,131.1453333,11.627,0,206302,1264575.18,A
29,5/11/12,56.72,3.947,138.0882667,9.14,0,93638,529707.87,B
30,5/11/12,74.14,3.688,221.3632212,6.891,0,42988,436070.45,C
31,5/11/12,74.14,3.688,221.3632212,6.891,0,203750,1392938.06,A
32,5/11/12,55.4,3.87,197.5481609,8.09,0,203007,1187051.07,A
33,5/11/12,81.02,4.186,131.1453333,7.396,0,39690,295841.84,A
34,5/11/12,61.92,3.685,131.1453333,9.575,0,158114,949625.52,A
35,5/11/12,58.97,3.889,142.0759262,8.876,0,103681,802383.63,B
36,5/11/12,76.55,3.764,220.4075581,6.989,0,39910,330518.34,A
37,5/11/12,76.55,3.688,220.4075581,6.989,0,39910,527983.04,C
38,5/11/12,77.27,4.186,131.1453333,11.627,0,39690,429914.6,C
39,5/11/12,75.52,3.688,220.4075581,6.989,0,184109,1470792.41,A
40,5/11/12,52.06,3.947,138.0882667,4.125,0,155083,967729.35,A
41,5/11/12,50.22,3.87,197.5481609,6.547,0,196321,1353285.1,A
42,5/11/12,76.03,4.186,131.1453333,7.382,0,39690,643603.69,C
43,5/11/12,67.59,3.688,213.1623524,9.575,0,41062,640159.04,C
44,5/11/12,56.47,3.809,131.1453333,5.621,0,39910,341381.08,C
45,5/11/12,61.24,3.889,190.9764167,8.567,0,118221,770487.37,B
1,5/18/12,70.33,3.63,221.742674,7.143,0,151315,1595901.87,A
2,5/18/12,71.27,3.63,221.380331,6.891,0,202307,2000940.67,A
3,5/18/12,72.38,3.63,225.2512024,6.664,0,37392,418112.76,B
4,5/18/12,68.43,3.62,131.0983226,4.308,0,205863,2207214.81,A
5,5/18/12,70.45,3.63,222.330443,5.801,0,34875,336189.66,B
6,5/18/12,70.5,3.63,223.3511928,5.964,0,202505,1513635.64,A
7,5/18/12,49.41,3.837,197.5553137,8.09,0,70713,468428.3,B
8,5/18/12,64.16,3.63,225.3002908,5.679,0,155078,913922.01,A
9,5/18/12,69.52,3.63,225.4942498,5.539,0,125833,571463.93,B
10,5/18/12,85.19,4.308,131.0983226,7.382,0,126512,1795152.73,B
11,5/18/12,72.53,3.63,225.2512024,6.664,0,207499,1352442.31,A
12,5/18/12,84.51,4.11,131.0983226,11.627,0,112238,1020486.05,B
13,5/18/12,65.17,3.808,131.0983226,5.965,0,219622,2131900.55,A
14,5/18/12,66.3,3.848,190.9964479,8.567,0,200898,1932233.17,A
15,5/18/12,58.84,4.029,138.1065806,8.15,0,123737,600050.98,B
16,5/18/12,56.74,3.837,197.5553137,6.169,0,57197,493506.47,B
17,5/18/12,59.67,3.808,131.0983226,6.235,0,93188,968816.33,B
18,5/18/12,62.31,3.899,138.1065806,8.304,0,120653,1047444.59,B
19,5/18/12,58.81,4.029,138.1065806,8.15,0,203819,1366937.1,A
20,5/18/12,60.99,3.848,214.5485571,7.139,0,203742,2039222.26,A
21,5/18/12,72.42,3.63,221.380331,6.891,0,140167,700554.16,B
22,5/18/12,61.9,3.899,142.0970115,7.671,0,119557,986612.02,B
23,5/18/12,58.42,3.899,138.1065806,4.125,0,114533,1332952.47,B
24,5/18/12,63.1,4.029,138.1065806,8.983,0,203819,1298809.8,A
25,5/18/12,58.21,3.848,214.5485571,7.139,0,128107,717207.19,B
26,5/18/12,52.55,3.899,138.1065806,7.489,0,152513,978082.84,A
27,5/18/12,65.15,4.029,142.0970115,8.253,0,204184,1707158.82,A
28,5/18/12,84.51,4.11,131.0983226,11.627,0,206302,1213310.45,A
29,5/18/12,61.9,3.899,138.1065806,9.14,0,93638,543706.04,B
30,5/18/12,72.42,3.63,221.380331,6.891,0,42988,460945.14,C
31,5/18/12,72.42,3.63,221.380331,6.891,0,203750,1441473.82,A
32,5/18/12,57.46,3.837,197.5553137,8.09,0,203007,1177539.71,A
33,5/18/12,89.81,4.308,131.0983226,7.396,0,39690,276899.95,A
34,5/18/12,64.97,3.62,131.0983226,9.575,0,158114,998672.85,A
35,5/18/12,65.15,3.848,142.0970115,8.876,0,103681,819196.68,B
36,5/18/12,73.7,3.713,220.4252149,6.989,0,39910,324801.13,A
37,5/18/12,73.7,3.63,220.4252149,6.989,0,39910,534847.96,C
38,5/18/12,84.51,4.11,131.0983226,11.627,0,39690,412314.71,C
39,5/18/12,72.36,3.63,220.4252149,6.989,0,184109,1522978.54,A
40,5/18/12,57.59,3.899,138.1065806,4.125,0,155083,896295.41,A
41,5/18/12,55.24,3.837,197.5553137,6.547,0,196321,1331514.44,A
42,5/18/12,85.19,4.308,131.0983226,7.382,0,39690,590636.38,C
43,5/18/12,72.06,3.63,213.1753618,9.575,0,41062,648541.81,C
44,5/18/12,65.17,3.808,131.0983226,5.621,0,39910,334042.43,C
45,5/18/12,66.3,3.848,190.9964479,8.567,0,118221,800842.28,B
1,5/25/12,77.22,3.561,221.744944,7.143,0,151315,1555444.55,A
2,5/25/12,78.19,3.561,221.3828029,6.891,0,202307,1912791.09,A
3,5/25/12,78.58,3.561,225.2515168,6.664,0,37392,413701.29,B
4,5/25/12,77.47,3.551,131.0287742,4.308,0,205863,2154137.67,A
5,5/25/12,78.23,3.561,222.3323853,5.801,0,34875,341994.48,B
6,5/25/12,78.47,3.561,223.3525662,5.964,0,202505,1603793.42,A
7,5/25/12,50.6,3.804,197.5886046,8.09,0,70713,532739.77,B
8,5/25/12,76.11,3.561,225.3005779,5.679,0,155078,895157.44,A
9,5/25/12,79.69,3.561,225.4944288,5.539,0,125833,547226,B
10,5/25/12,86.03,4.127,131.0287742,7.382,0,126512,1830939.1,B
11,5/25/12,78.44,3.561,225.2515168,6.664,0,207499,1297335.87,A
12,5/25/12,83.84,4.293,131.0287742,11.627,0,112238,991514.21,B
13,5/25/12,62.39,3.801,131.0287742,5.965,0,219622,2043349.41,A
14,5/25/12,67.21,3.798,191.0028096,8.567,0,200898,2030869.61,A
15,5/25/12,67.97,3.979,138.1101935,8.15,0,123737,693780.42,B
16,5/25/12,57.36,3.804,197.5886046,6.169,0,57197,518045.09,B
17,5/25/12,55.69,3.801,131.0287742,6.235,0,93188,984881.59,B
18,5/25/12,65.48,3.85,138.1101935,8.304,0,120653,1088446.58,B
19,5/25/12,67.79,3.979,138.1101935,8.15,0,203819,1485540.28,A
20,5/25/12,70.04,3.798,214.5499425,7.139,0,203742,2114989,A
21,5/25/12,79.49,3.561,221.3828029,6.891,0,140167,722891.24,B
22,5/25/12,62.39,3.85,142.1032776,7.671,0,119557,1047297.38,B
23,5/25/12,66.43,3.85,138.1101935,4.125,0,114533,1552934.64,B
24,5/25/12,65.79,3.979,138.1101935,8.983,0,203819,1407897.57,A
25,5/25/12,67.69,3.798,214.5499425,7.139,0,128107,783371.02,B
26,5/25/12,58.2,3.85,138.1101935,7.489,0,152513,1067310.74,A
27,5/25/12,64.77,3.979,142.1032776,8.253,0,204184,1818906.73,A
28,5/25/12,83.84,4.293,131.0287742,11.627,0,206302,1151214.41,A
29,5/25/12,62.39,3.85,138.1101935,9.14,0,93638,549665.67,B
30,5/25/12,79.49,3.561,221.3828029,6.891,0,42988,449355.91,C
31,5/25/12,79.49,3.561,221.3828029,6.891,0,203750,1397094.26,A
32,5/25/12,59.74,3.804,197.5886046,8.09,0,203007,1232784.22,A
33,5/25/12,88.89,4.127,131.0287742,7.396,0,39690,261851.74,A
34,5/25/12,72.42,3.551,131.0287742,9.575,0,158114,1015737.61,A
35,5/25/12,64.77,3.798,142.1032776,8.876,0,103681,822167.17,B
36,5/25/12,78.94,3.636,220.4287124,6.989,0,39910,306098.17,A
37,5/25/12,78.94,3.561,220.4287124,6.989,0,39910,540625.79,C
38,5/25/12,83.84,4.293,131.0287742,11.627,0,39690,422810.12,C
39,5/25/12,78.31,3.561,220.4287124,6.989,0,184109,1596036.66,A
40,5/25/12,65.25,3.85,138.1101935,4.125,0,155083,991054.49,A
41,5/25/12,54.89,3.804,197.5886046,6.547,0,196321,1424500.47,A
42,5/25/12,86.03,4.127,131.0287742,7.382,0,39690,535764.58,C
43,5/25/12,82.41,3.561,213.1736682,9.575,0,41062,597406.39,C
44,5/25/12,62.39,3.801,131.0287742,5.621,0,39910,343268.29,C
45,5/25/12,67.21,3.798,191.0028096,8.567,0,118221,817741.17,B
1,6/1/12,77.95,3.501,221.7472139,7.143,0,151315,1624477.58,A
2,6/1/12,78.38,3.501,221.3852748,6.891,0,202307,1910092.37,A
3,6/1/12,81.55,3.501,225.2518313,6.664,0,37392,432268.53,B
4,6/1/12,77.41,3.483,130.9592258,4.308,0,205863,2179360.94,A
5,6/1/12,79.72,3.501,222.3343277,5.801,0,34875,359867.8,B
6,6/1/12,80.39,3.501,223.3539397,5.964,0,202505,1681121.38,A
7,6/1/12,55.06,3.764,197.6218954,8.09,0,70713,598495.02,B
8,6/1/12,78.31,3.501,225.300865,5.679,0,155078,921161.2,A
9,6/1/12,80.26,3.501,225.4946078,5.539,0,125833,583648.59,B
10,6/1/12,80.06,4.277,130.9592258,7.382,0,126512,1767471.48,B
11,6/1/12,81.67,3.501,225.2518313,6.664,0,207499,1361595.33,A
12,6/1/12,78.11,4.277,130.9592258,11.627,0,112238,981345.2,B
13,6/1/12,61.11,3.788,130.9592258,5.965,0,219622,2035431.39,A
14,6/1/12,74.48,3.742,191.0091712,8.567,0,200898,2049485.49,A
15,6/1/12,67.61,3.915,138.1138065,8.15,0,123737,663971.26,B
16,6/1/12,58.97,3.764,197.6218954,6.169,0,57197,532311.93,B
17,6/1/12,54.13,3.788,130.9592258,6.235,0,93188,938914.28,B
18,6/1/12,71.42,3.798,138.1138065,8.304,0,120653,1118313.7,B
19,6/1/12,68.18,3.915,138.1138065,8.15,0,203819,1450733.29,A
20,6/1/12,73.67,3.742,214.5513278,7.139,0,203742,2143126.59,A
21,6/1/12,79.24,3.501,221.3852748,6.891,0,140167,695439.83,B
22,6/1/12,70.01,3.798,142.1095438,7.671,0,119557,1102857.37,B
23,6/1/12,66.22,3.798,138.1138065,4.125,0,114533,1476144.34,B
24,6/1/12,71.79,3.915,138.1138065,8.983,0,203819,1467722.19,A
25,6/1/12,69.54,3.742,214.5513278,7.139,0,128107,694765.95,B
26,6/1/12,58.51,3.798,138.1138065,7.489,0,152513,1015853.03,A
27,6/1/12,73.4,3.915,142.1095438,8.253,0,204184,1900638.6,A
28,6/1/12,78.11,4.277,130.9592258,11.627,0,206302,1245480.95,A
29,6/1/12,70.01,3.798,138.1138065,9.14,0,93638,576252.35,B
30,6/1/12,79.24,3.501,221.3852748,6.891,0,42988,427021.18,C
31,6/1/12,79.24,3.501,221.3852748,6.891,0,203750,1404516.29,A
32,6/1/12,62.84,3.764,197.6218954,8.09,0,203007,1157557.79,A
33,6/1/12,83.57,4.277,130.9592258,7.396,0,39690,261131.09,A
34,6/1/12,70.41,3.483,130.9592258,9.575,0,158114,977062.44,A
35,6/1/12,73.4,3.742,142.1095438,8.876,0,103681,932195.52,B
36,6/1/12,80.74,3.567,220.4322099,6.989,0,39910,306005.53,A
37,6/1/12,80.74,3.501,220.4322099,6.989,0,39910,531811.85,C
38,6/1/12,78.11,4.277,130.9592258,11.627,0,39690,435579.7,C
39,6/1/12,80.33,3.501,220.4322099,6.989,0,184109,1640476.77,A
40,6/1/12,64.75,3.798,138.1138065,4.125,0,155083,1037464.27,A
41,6/1/12,57.29,3.764,197.6218954,6.547,0,196321,1374891.36,A
42,6/1/12,80.06,4.277,130.9592258,7.382,0,39690,521953.78,C
43,6/1/12,80.89,3.501,213.1719747,9.575,0,41062,605078.62,C
44,6/1/12,61.11,3.788,130.9592258,5.621,0,39910,323410.94,C
45,6/1/12,74.48,3.742,191.0091712,8.567,0,118221,837144.63,B
1,6/8/12,78.3,3.452,221.7494839,7.143,0,151315,1697230.96,A
2,6/8/12,78.69,3.452,221.3877467,6.891,0,202307,2010216.49,A
3,6/8/12,81.65,3.452,225.2521458,6.664,0,37392,446336.8,B
4,6/8/12,78.11,3.433,130.8896774,4.308,0,205863,2245257.18,A
5,6/8/12,81.02,3.452,222.33627,5.801,0,34875,341704.59,B
6,6/8/12,80.5,3.452,223.3553131,5.964,0,202505,1696619.52,A
7,6/8/12,63.07,3.741,197.6551863,8.09,0,70713,642963.75,B
8,6/8/12,74.28,3.452,225.3011521,5.679,0,155078,928820,A
9,6/8/12,78.91,3.452,225.4947868,5.539,0,125833,582525.42,B
10,6/8/12,86.87,4.103,130.8896774,7.382,0,126512,1840491.41,B
11,6/8/12,82.1,3.452,225.2521458,6.664,0,207499,1414343.53,A
12,6/8/12,84.83,4.103,130.8896774,11.627,0,112238,1086231.47,B
13,6/8/12,68.4,3.776,130.8896774,5.965,0,219622,2182437.9,A
14,6/8/12,64.3,3.689,191.0155329,8.567,0,200898,2099615.88,A
15,6/8/12,59.35,3.871,138.1174194,8.15,0,123737,611390.67,B
16,6/8/12,65.43,3.741,197.6551863,6.169,0,57197,603618.89,B
17,6/8/12,60.51,3.776,130.8896774,6.235,0,93188,987990.24,B
18,6/8/12,59.1,3.746,138.1174194,8.304,0,120653,1110479.94,B
19,6/8/12,60.19,3.871,138.1174194,8.15,0,203819,1390122.11,A
20,6/8/12,62.01,3.689,214.5527132,7.139,0,203742,2231962.13,A
21,6/8/12,79.47,3.452,221.3877467,6.891,0,140167,707895.72,B
22,6/8/12,61.71,3.746,142.1158099,7.671,0,119557,1061134.37,B
23,6/8/12,56.82,3.746,138.1174194,4.125,0,114533,1568048.54,B
24,6/8/12,59.93,3.871,138.1174194,8.983,0,203819,1406313.13,A
25,6/8/12,58.48,3.689,214.5527132,7.139,0,128107,730254.19,B
26,6/8/12,49.43,3.746,138.1174194,7.489,0,152513,1106176.83,A
27,6/8/12,64.05,3.871,142.1158099,8.253,0,204184,1764756.31,A
28,6/8/12,84.83,4.103,130.8896774,11.627,0,206302,1440687.69,A
29,6/8/12,61.71,3.746,138.1174194,9.14,0,93638,554093.15,B
30,6/8/12,79.47,3.452,221.3877467,6.891,0,42988,437222.94,C
31,6/8/12,79.47,3.452,221.3877467,6.891,0,203750,1443285.79,A
32,6/8/12,71.14,3.741,197.6551863,8.09,0,203007,1246322.44,A
33,6/8/12,90.94,4.103,130.8896774,7.396,0,39690,286082.76,A
34,6/8/12,75.35,3.433,130.8896774,9.575,0,158114,999511.29,A
35,6/8/12,64.05,3.689,142.1158099,8.876,0,103681,873415.01,B
36,6/8/12,81.5,3.513,220.4357073,6.989,0,39910,338273.38,A
37,6/8/12,81.5,3.452,220.4357073,6.989,0,39910,528940.78,C
38,6/8/12,84.83,4.103,130.8896774,11.627,0,39690,448110.25,C
39,6/8/12,81.12,3.452,220.4357073,6.989,0,184109,1623442.24,A
40,6/8/12,55.78,3.746,138.1174194,4.125,0,155083,1079386.88,A
41,6/8/12,65.11,3.741,197.6551863,6.547,0,196321,1436383.84,A
42,6/8/12,86.87,4.103,130.8896774,7.382,0,39690,642671.48,C
43,6/8/12,85.73,3.452,213.1702811,9.575,0,41062,643032.51,C
44,6/8/12,68.4,3.776,130.8896774,5.621,0,39910,340238.38,C
45,6/8/12,64.3,3.689,191.0155329,8.567,0,118221,795133,B
1,6/15/12,79.35,3.393,221.7626421,7.143,0,151315,1630607,A
2,6/15/12,80.56,3.393,221.4009901,6.891,0,202307,1962924.3,A
3,6/15/12,84.66,3.393,225.2644795,6.664,0,37392,442074.79,B
4,6/15/12,80.94,3.372,130.8295333,4.308,0,205863,2234190.93,A
5,6/15/12,81.64,3.393,222.3492901,5.801,0,34875,327383.64,B
6,6/15/12,82.1,3.393,223.3680933,5.964,0,202505,1642247.48,A
7,6/15/12,59.33,3.723,197.692292,8.09,0,70713,666942.02,B
8,6/15/12,77.14,3.393,225.3134743,5.679,0,155078,916918.7,A
9,6/15/12,82.21,3.393,225.5070634,5.539,0,125833,564606.1,B
10,6/15/12,88.58,4.144,130.8295333,7.382,0,126512,1811562.88,B
11,6/15/12,84.97,3.393,225.2644795,6.664,0,207499,1417875.42,A
12,6/15/12,85.94,4.144,130.8295333,11.627,0,112238,1019555.51,B
13,6/15/12,65.97,3.756,130.8295333,5.965,0,219622,2152229.11,A
14,6/15/12,71.93,3.62,191.0299731,8.567,0,200898,1905733.68,A
15,6/15/12,67.7,3.786,138.1295333,8.15,0,123737,636737.65,B
16,6/15/12,65.36,3.723,197.692292,6.169,0,57197,570045.79,B
17,6/15/12,56.67,3.756,130.8295333,6.235,0,93188,964169.67,B
18,6/15/12,66.58,3.683,138.1295333,8.304,0,120653,1057425.83,B
19,6/15/12,68.19,3.786,138.1295333,8.15,0,203819,1440263.15,A
20,6/15/12,71.51,3.62,214.5653243,7.139,0,203742,2165160.29,A
21,6/15/12,81.51,3.393,221.4009901,6.891,0,140167,727049.04,B
22,6/15/12,66.56,3.683,142.1292548,7.671,0,119557,1061219.19,B
23,6/15/12,64.73,3.683,138.1295333,4.125,0,114533,1543667.68,B
24,6/15/12,68.28,3.786,138.1295333,8.983,0,203819,1364445.98,A
25,6/15/12,68.34,3.62,214.5653243,7.139,0,128107,753860.89,B
26,6/15/12,57.84,3.683,138.1295333,7.489,0,152513,1029248.22,A
27,6/15/12,69.52,3.786,142.1292548,8.253,0,204184,1773500.56,A
28,6/15/12,85.94,4.144,130.8295333,11.627,0,206302,1229760.97,A
29,6/15/12,66.56,3.683,138.1295333,9.14,0,93638,552338.76,B
30,6/15/12,81.51,3.393,221.4009901,6.891,0,42988,438523.24,C
31,6/15/12,81.51,3.393,221.4009901,6.891,0,203750,1431003.43,A
32,6/15/12,70.91,3.723,197.692292,8.09,0,203007,1234759.54,A
33,6/15/12,92.44,4.144,130.8295333,7.396,0,39690,290444.31,A
34,6/15/12,76.48,3.372,130.8295333,9.575,0,158114,982345.51,A
35,6/15/12,69.52,3.62,142.1292548,8.876,0,103681,848289.41,B
36,6/15/12,82.15,3.407,220.4494148,6.989,0,39910,333146.88,A
37,6/15/12,82.15,3.393,220.4494148,6.989,0,39910,508573.16,C
38,6/15/12,85.94,4.144,130.8295333,11.627,0,39690,430222.07,C
39,6/15/12,81.33,3.393,220.4494148,6.989,0,184109,1587499.82,A
40,6/15/12,63.39,3.683,138.1295333,4.125,0,155083,977950.28,A
41,6/15/12,64.92,3.723,197.692292,6.547,0,196321,1384584.59,A
42,6/15/12,88.58,4.144,130.8295333,7.382,0,39690,606309.13,C
43,6/15/12,87.75,3.393,213.1786952,9.575,0,41062,634815.1,C
44,6/15/12,65.97,3.756,130.8295333,5.621,0,39910,338400.82,C
45,6/15/12,71.93,3.62,191.0299731,8.567,0,118221,821498.18,B
1,6/22/12,78.39,3.346,221.8030211,7.143,0,151315,1527845.81,A
2,6/22/12,81.04,3.346,221.4411622,6.891,0,202307,1887733.21,A
3,6/22/12,82.7,3.346,225.3068615,6.664,0,37392,419497.95,B
4,6/22/12,81.63,3.329,130.7929,4.308,0,205863,2197299.65,A
5,6/22/12,80.57,3.346,222.3900046,5.801,0,34875,325041.68,B
6,6/22/12,81.2,3.346,223.4093906,5.964,0,202505,1618272.25,A
7,6/22/12,63.69,3.735,197.7389345,8.09,0,70713,687344.68,B
8,6/22/12,78.85,3.346,225.3558843,5.679,0,155078,899449.65,A
9,6/22/12,81.05,3.346,225.5495841,5.539,0,125833,562173.12,B
10,6/22/12,89.92,4.014,130.7929,7.382,0,126512,1755334.18,B
11,6/22/12,83.26,3.346,225.3068615,6.664,0,207499,1355680.3,A
12,6/22/12,91.61,4.014,130.7929,11.627,0,112238,981386.25,B
13,6/22/12,72.89,3.737,130.7929,5.965,0,219622,2094373,A
14,6/22/12,74.22,3.564,191.0646096,8.567,0,200898,1660228.88,A
15,6/22/12,74.28,3.722,138.1629,8.15,0,123737,687085.6,B
16,6/22/12,70.41,3.735,197.7389345,6.169,0,57197,581745.72,B
17,6/22/12,62.9,3.737,130.7929,6.235,0,93188,981210.57,B
18,6/22/12,70.92,3.629,138.1629,8.304,0,120653,1080357.89,B
19,6/22/12,75.83,3.722,138.1629,8.15,0,203819,1468350.36,A
20,6/22/12,76.51,3.564,214.606,7.139,0,203742,2060588.69,A
21,6/22/12,81.78,3.346,221.4411622,6.891,0,140167,735870,B
22,6/22/12,70.61,3.629,142.1606464,7.671,0,119557,1112449.3,B
23,6/22/12,71.82,3.629,138.1629,4.125,0,114533,1522042.57,B
24,6/22/12,72.29,3.722,138.1629,8.983,0,203819,1434709.63,A
25,6/22/12,73.52,3.564,214.606,7.139,0,128107,721601.9,B
26,6/22/12,63.04,3.629,138.1629,7.489,0,152513,1056282.91,A
27,6/22/12,73.23,3.722,142.1606464,8.253,0,204184,1837884.79,A
28,6/22/12,91.61,4.014,130.7929,11.627,0,206302,1180671.55,A
29,6/22/12,70.61,3.629,138.1629,9.14,0,93638,581854.5,B
30,6/22/12,81.78,3.346,221.4411622,6.891,0,42988,428554.63,C
31,6/22/12,81.78,3.346,221.4411622,6.891,0,203750,1394065.76,A
32,6/22/12,74.85,3.735,197.7389345,8.09,0,203007,1196880.11,A
33,6/22/12,95.75,4.014,130.7929,7.396,0,39690,261666.29,A
34,6/22/12,78.85,3.329,130.7929,9.575,0,158114,1000285.1,A
35,6/22/12,73.23,3.564,142.1606464,8.876,0,103681,911696,B
36,6/22/12,80.4,3.358,220.4886472,6.989,0,39910,306411.01,A
37,6/22/12,80.4,3.346,220.4886472,6.989,0,39910,484032.75,C
38,6/22/12,91.61,4.014,130.7929,11.627,0,39690,405938.35,C
39,6/22/12,79.84,3.346,220.4886472,6.989,0,184109,1532316.79,A
40,6/22/12,69.32,3.629,138.1629,4.125,0,155083,1033552.18,A
41,6/22/12,66.88,3.735,197.7389345,6.547,0,196321,1386407.17,A
42,6/22/12,89.92,4.014,130.7929,7.382,0,39690,540031.29,C
43,6/22/12,87.51,3.346,213.2123786,9.575,0,41062,613270.79,C
44,6/22/12,72.89,3.737,130.7929,5.621,0,39910,336241,C
45,6/22/12,74.22,3.564,191.0646096,8.567,0,118221,822569.16,B
1,6/29/12,84.88,3.286,221.8434,7.143,0,151315,1540421.49,A
2,6/29/12,86.32,3.286,221.4813343,6.891,0,202307,1881046.12,A
3,6/29/12,86.42,3.286,225.3492435,6.664,0,37392,422965.33,B
4,6/29/12,84.23,3.257,130.7562667,4.308,0,205863,2128362.92,A
5,6/29/12,87.08,3.286,222.4307191,5.801,0,34875,329658.1,B
6,6/29/12,87.35,3.286,223.4506878,5.964,0,202505,1648863.46,A
7,6/29/12,68.84,3.693,197.785577,8.09,0,70713,704335.41,B
8,6/29/12,84.47,3.286,225.3982943,5.679,0,155078,878298.22,A
9,6/29/12,87.18,3.286,225.5921049,5.539,0,125833,544770.7,B
10,6/29/12,91.36,3.875,130.7562667,7.382,0,126512,1707481.9,B
11,6/29/12,87.86,3.286,225.3492435,6.664,0,207499,1297028.6,A
12,6/29/12,90.47,3.875,130.7562667,11.627,0,112238,943124.74,B
13,6/29/12,82,3.681,130.7562667,5.965,0,219622,2037663.71,A
14,6/29/12,75.22,3.506,191.0992462,8.567,0,200898,1591835.02,A
15,6/29/12,68.91,3.667,138.1962667,8.15,0,123737,624099.48,B
16,6/29/12,77.31,3.693,197.785577,6.169,0,57197,570162.28,B
17,6/29/12,71.14,3.681,130.7562667,6.235,0,93188,982322.24,B
18,6/29/12,70.17,3.577,138.1962667,8.304,0,120653,1097006.3,B
19,6/29/12,69.92,3.667,138.1962667,8.15,0,203819,1379652.65,A
20,6/29/12,74.15,3.506,214.6466757,7.139,0,203742,2055952.61,A
21,6/29/12,88.05,3.286,221.4813343,6.891,0,140167,716341.39,B
22,6/29/12,70.99,3.577,142.1920381,7.671,0,119557,1053881.78,B
23,6/29/12,64.23,3.577,138.1962667,4.125,0,114533,1451782.16,B
24,6/29/12,70.4,3.667,138.1962667,8.983,0,203819,1428869.9,A
25,6/29/12,69.84,3.506,214.6466757,7.139,0,128107,718890.81,B
26,6/29/12,60.71,3.577,138.1962667,7.489,0,152513,1051190.44,A
27,6/29/12,73.94,3.667,142.1920381,8.253,0,204184,1842555.32,A
28,6/29/12,90.47,3.875,130.7562667,11.627,0,206302,1129031.98,A
29,6/29/12,70.99,3.577,138.1962667,9.14,0,93638,555954.13,B
30,6/29/12,88.05,3.286,221.4813343,6.891,0,42988,423192.4,C
31,6/29/12,88.05,3.286,221.4813343,6.891,0,203750,1349202.25,A
32,6/29/12,81.95,3.693,197.785577,8.09,0,203007,1178211.81,A
33,6/29/12,98.15,3.875,130.7562667,7.396,0,39690,244338.31,A
34,6/29/12,81.91,3.257,130.7562667,9.575,0,158114,942970.63,A
35,6/29/12,73.94,3.506,142.1920381,8.876,0,103681,892133.41,B
36,6/29/12,86.68,3.273,220.5278796,6.989,0,39910,291530.43,A
37,6/29/12,86.68,3.286,220.5278796,6.989,0,39910,508309.81,C
38,6/29/12,90.47,3.875,130.7562667,11.627,0,39690,404634.36,C
39,6/29/12,85.72,3.286,220.5278796,6.989,0,184109,1492388.98,A
40,6/29/12,64.42,3.577,138.1962667,4.125,0,155083,988764.84,A
41,6/29/12,76.54,3.693,197.785577,6.547,0,196321,1355600.01,A
42,6/29/12,91.36,3.875,130.7562667,7.382,0,39690,507403.77,C
43,6/29/12,89.85,3.286,213.2460619,9.575,0,41062,593128.13,C
44,6/29/12,82,3.681,130.7562667,5.621,0,39910,338386.08,C
45,6/29/12,75.22,3.506,191.0992462,8.567,0,118221,773367.71,B
1,7/6/12,81.57,3.227,221.8837789,6.908,0,151315,1769854.16,A
2,7/6/12,84.2,3.227,221.5215064,6.565,0,202307,2041507.4,A
3,7/6/12,83.14,3.227,225.3916254,6.334,0,37392,411206.5,B
4,7/6/12,80.37,3.187,130.7196333,4.077,0,205863,2224499.28,A
5,7/6/12,82.35,3.227,222.4714336,5.603,0,34875,341214.43,B
6,7/6/12,82.95,3.227,223.4919851,5.668,0,202505,1876359.39,A
7,7/6/12,64.67,3.646,197.8322195,7.872,0,70713,805642.61,B
8,7/6/12,81.24,3.227,225.4407043,5.401,0,155078,936205.5,A
9,7/6/12,84.15,3.227,225.6346256,5.277,0,125833,578790.36,B
10,7/6/12,86.87,3.666,130.7196333,7.17,0,126512,1805999.79,B
11,7/6/12,83.44,3.227,225.3916254,6.334,0,207499,1461129.94,A
12,7/6/12,89.13,3.765,130.7196333,10.926,0,112238,1014898.78,B
13,7/6/12,79.23,3.63,130.7196333,5.765,0,219622,2184980.35,A
14,7/6/12,82.99,3.475,191.1338827,8.684,0,200898,1862128.95,A
15,7/6/12,74.64,3.646,138.2296333,8.193,0,123737,678024.75,B
16,7/6/12,70.49,3.646,197.8322195,6.061,0,57197,641763.53,B
17,7/6/12,68.91,3.63,130.7196333,5.936,0,93188,1046782.52,B
18,7/6/12,76.08,3.538,138.2296333,8.535,0,120653,1158247.31,B
19,7/6/12,76.07,3.646,138.2296333,8.193,0,203819,1557120.44,A
20,7/6/12,79.2,3.475,214.6873514,7.28,0,203742,2358055.3,A
21,7/6/12,85.26,3.227,221.5215064,6.565,0,140167,693013.59,B
22,7/6/12,77.41,3.538,142.2234298,7.753,0,119557,1097786.14,B
23,7/6/12,70.86,3.538,138.2296333,4.156,0,114533,1545370.16,B
24,7/6/12,77.18,3.646,138.2296333,8.953,0,203819,1645097.75,A
25,7/6/12,75.52,3.475,214.6873514,7.28,0,128107,753385.55,B
26,7/6/12,64.94,3.538,138.2296333,7.405,0,152513,1180470.8,A
27,7/6/12,82.08,3.646,142.2234298,8.239,0,204184,2062224.92,A
28,7/6/12,89.13,3.765,130.7196333,10.926,0,206302,1500863.54,A
29,7/6/12,77.41,3.538,138.2296333,9.419,0,93638,578832.41,B
30,7/6/12,85.26,3.227,221.5215064,6.565,0,42988,440553.42,C
31,7/6/12,85.26,3.227,221.5215064,6.565,0,203750,1458059.42,A
32,7/6/12,78.68,3.646,197.8322195,7.872,0,203007,1214183.97,A
33,7/6/12,93.21,3.666,130.7196333,7.147,0,39690,273690.37,A
34,7/6/12,77.95,3.187,130.7196333,9.285,0,158114,1007867.68,A
35,7/6/12,82.08,3.475,142.2234298,8.839,0,103681,985479.64,B
36,7/6/12,81.52,3.232,220.567112,6.623,0,39910,306578.89,A
37,7/6/12,81.52,3.227,220.567112,6.623,0,39910,519498.32,C
38,7/6/12,89.13,3.765,130.7196333,10.926,0,39690,471086.22,C
39,7/6/12,81.05,3.227,220.567112,6.623,0,184109,1659221.99,A
40,7/6/12,69.08,3.538,138.2296333,4.156,0,155083,1182901.56,A
41,7/6/12,74.47,3.646,197.8322195,6.432,0,196321,1456300.89,A
42,7/6/12,86.87,3.666,130.7196333,7.17,0,39690,618702.09,C
43,7/6/12,82.68,3.227,213.2797452,9.285,0,41062,645618.59,C
44,7/6/12,79.23,3.63,130.7196333,5.407,0,39910,358461.58,C
45,7/6/12,82.99,3.475,191.1338827,8.684,0,118221,843361.1,B
1,7/13/12,77.12,3.256,221.9241579,6.908,0,151315,1527014.04,A
2,7/13/12,80.17,3.256,221.5616784,6.565,0,202307,1830075.13,A
3,7/13/12,82.28,3.256,225.4340074,6.334,0,37392,416913.1,B
4,7/13/12,76.86,3.224,130.683,4.077,0,205863,2100252.61,A
5,7/13/12,80.78,3.256,222.5121481,5.603,0,34875,316203.64,B
6,7/13/12,80.27,3.256,223.5332824,5.668,0,202505,1588142.26,A
7,7/13/12,64.21,3.613,197.8788621,7.872,0,70713,694150.89,B
8,7/13/12,78.46,3.256,225.4831143,5.401,0,155078,890488.01,A
9,7/13/12,82.39,3.256,225.6771463,5.277,0,125833,536537.64,B
10,7/13/12,89.8,3.723,130.683,7.17,0,126512,1765571.91,B
11,7/13/12,82.46,3.256,225.4340074,6.334,0,207499,1320239.51,A
12,7/13/12,95.61,3.723,130.683,10.926,0,112238,960312.75,B
13,7/13/12,83.68,3.595,130.683,5.765,0,219622,2002750.99,A
14,7/13/12,79.97,3.523,191.1685192,8.684,0,200898,1544422.35,A
15,7/13/12,72.62,3.689,138.263,8.193,0,123737,591335.5,B
16,7/13/12,70.29,3.613,197.8788621,6.061,0,57197,569005.06,B
17,7/13/12,72.94,3.595,130.683,5.936,0,93188,960746.04,B
18,7/13/12,75.09,3.561,138.263,8.535,0,120653,1024784.92,B
19,7/13/12,73.17,3.689,138.263,8.193,0,203819,1321741.35,A
20,7/13/12,78.27,3.523,214.728027,7.28,0,203742,2134680.12,A
21,7/13/12,82.51,3.256,221.5616784,6.565,0,140167,668132.36,B
22,7/13/12,75.81,3.561,142.2548214,7.753,0,119557,971361.38,B
23,7/13/12,69.19,3.561,138.263,4.156,0,114533,1384921.63,B
24,7/13/12,75.36,3.689,138.263,8.953,0,203819,1405475.78,A
25,7/13/12,73.87,3.523,214.728027,7.28,0,128107,714093.95,B
26,7/13/12,64.47,3.561,138.263,7.405,0,152513,1063149.78,A
27,7/13/12,78.95,3.689,142.2548214,8.239,0,204184,1755889.53,A
28,7/13/12,95.61,3.723,130.683,10.926,0,206302,1179915.04,A
29,7/13/12,75.81,3.561,138.263,9.419,0,93638,514709.76,B
30,7/13/12,82.51,3.256,221.5616784,6.565,0,42988,417640.34,C
31,7/13/12,82.51,3.256,221.5616784,6.565,0,203750,1374301.34,A
32,7/13/12,71.57,3.613,197.8788621,7.872,0,203007,1141184.66,A
33,7/13/12,97.6,3.723,130.683,7.147,0,39690,287033.64,A
34,7/13/12,74.02,3.224,130.683,9.285,0,158114,954677.75,A
35,7/13/12,78.95,3.523,142.2548214,8.839,0,103681,825763.48,B
36,7/13/12,78.15,3.245,220.6063444,6.623,0,39910,298337.41,A
37,7/13/12,78.15,3.256,220.6063444,6.623,0,39910,506005.47,C
38,7/13/12,95.61,3.723,130.683,10.926,0,39690,416036.75,C
39,7/13/12,78.16,3.256,220.6063444,6.623,0,184109,1471261.76,A
40,7/13/12,67.48,3.561,138.263,4.156,0,155083,979848.71,A
41,7/13/12,67.24,3.613,197.8788621,6.432,0,196321,1332594.07,A
42,7/13/12,89.8,3.723,130.683,7.17,0,39690,628099.08,C
43,7/13/12,78.82,3.256,213.3134286,9.285,0,41062,627634.04,C
44,7/13/12,83.68,3.595,130.683,5.407,0,39910,336479.49,C
45,7/13/12,79.97,3.523,191.1685192,8.684,0,118221,749817.08,B
1,7/20/12,80.42,3.311,221.9327267,6.908,0,151315,1497954.76,A
2,7/20/12,83.23,3.311,221.5701123,6.565,0,202307,1819666.46,A
3,7/20/12,81.38,3.311,225.4438827,6.334,0,37392,432424.85,B
4,7/20/12,79.14,3.263,130.7012903,4.077,0,205863,2175563.69,A
5,7/20/12,81.05,3.311,222.5209358,5.603,0,34875,321205.12,B
6,7/20/12,81.57,3.311,223.5424501,5.668,0,202505,1574361.97,A
7,7/20/12,62.87,3.585,197.9290378,7.872,0,70713,686345.69,B
8,7/20/12,79.94,3.311,225.4930078,5.401,0,155078,888834.07,A
9,7/20/12,83.39,3.311,225.6871121,5.277,0,125833,513991.57,B
10,7/20/12,84.45,3.589,130.7012903,7.17,0,126512,1869967.03,B
11,7/20/12,82.41,3.311,225.4438827,6.334,0,207499,1344483.81,A
12,7/20/12,85.53,3.726,130.7012903,10.926,0,112238,941550.34,B
13,7/20/12,75.69,3.556,130.7012903,5.765,0,219622,2053089.32,A
14,7/20/12,78.89,3.567,191.1670428,8.684,0,200898,1553250.16,A
15,7/20/12,75.31,3.732,138.2331935,8.193,0,123737,592369.22,B
16,7/20/12,68.43,3.585,197.9290378,6.061,0,57197,565297.54,B
17,7/20/12,70.59,3.556,130.7012903,5.936,0,93188,944698.7,B
18,7/20/12,77.43,3.61,138.2331935,8.535,0,120653,1033543.56,B
19,7/20/12,76.17,3.732,138.2331935,8.193,0,203819,1317672.92,A
20,7/20/12,76.04,3.567,214.7331351,7.28,0,203742,1970170.29,A
21,7/20/12,84.25,3.311,221.5701123,6.565,0,140167,691200.33,B
22,7/20/12,76.57,3.61,142.2337569,7.753,0,119557,991969.37,B
23,7/20/12,71.13,3.61,138.2331935,4.156,0,114533,1381339.23,B
24,7/20/12,76.42,3.732,138.2331935,8.953,0,203819,1394299,A
25,7/20/12,74.32,3.567,214.7331351,7.28,0,128107,685676.58,B
26,7/20/12,66.75,3.61,138.2331935,7.405,0,152513,1049625.9,A
27,7/20/12,78.64,3.732,142.2337569,8.239,0,204184,1730913.66,A
28,7/20/12,85.53,3.726,130.7012903,10.926,0,206302,1149427.48,A
29,7/20/12,76.57,3.61,138.2331935,9.419,0,93638,506705.36,B
30,7/20/12,84.25,3.311,221.5701123,6.565,0,42988,427491.04,C
31,7/20/12,84.25,3.311,221.5701123,6.565,0,203750,1392395.2,A
32,7/20/12,77.76,3.585,197.9290378,7.872,0,203007,1167829.33,A
33,7/20/12,91.49,3.589,130.7012903,7.147,0,39690,253205.89,A
34,7/20/12,77.7,3.263,130.7012903,9.285,0,158114,950929.59,A
35,7/20/12,78.64,3.567,142.2337569,8.839,0,103681,841224.74,B
36,7/20/12,81.76,3.301,220.6148749,6.623,0,39910,303289.55,A
37,7/20/12,81.76,3.311,220.6148749,6.623,0,39910,503744.56,C
38,7/20/12,85.53,3.726,130.7012903,10.926,0,39690,441683.74,C
39,7/20/12,80.32,3.311,220.6148749,6.623,0,184109,1582168.27,A
40,7/20/12,70.45,3.61,138.2331935,4.156,0,155083,968502.38,A
41,7/20/12,74.06,3.585,197.9290378,6.432,0,196321,1347175.93,A
42,7/20/12,84.45,3.589,130.7012903,7.17,0,39690,530318.39,C
43,7/20/12,83.83,3.311,213.3219124,9.285,0,41062,596554.05,C
44,7/20/12,75.69,3.556,130.7012903,5.407,0,39910,337819.16,C
45,7/20/12,78.89,3.567,191.1670428,8.684,0,118221,737613.65,B
1,7/27/12,82.66,3.407,221.9412954,6.908,0,151315,1439123.71,A
2,7/27/12,86.37,3.407,221.5785461,6.565,0,202307,1757923.88,A
3,7/27/12,84.94,3.407,225.4537579,6.334,0,37392,389427.9,B
4,7/27/12,81.06,3.356,130.7195806,4.077,0,205863,2048613.65,A
5,7/27/12,85.06,3.407,222.5297234,5.603,0,34875,306827.36,B
6,7/27/12,85.78,3.407,223.5516178,5.668,0,202505,1513229.16,A
7,7/27/12,64.6,3.57,197.9792136,7.872,0,70713,686365.4,B
8,7/27/12,81.71,3.407,225.5029014,5.401,0,155078,838227.52,A
9,7/27/12,86.41,3.407,225.6970779,5.277,0,125833,495951,B
10,7/27/12,83.98,3.769,130.7195806,7.17,0,126512,1817603.66,B
11,7/27/12,85.43,3.407,225.4537579,6.334,0,207499,1272395.02,A
12,7/27/12,93.47,3.769,130.7195806,10.926,0,112238,916967.92,B
13,7/27/12,80.42,3.537,130.7195806,5.765,0,219622,1914430.53,A
14,7/27/12,77.2,3.647,191.1655664,8.684,0,200898,1479514.66,A
15,7/27/12,73.9,3.82,138.2033871,8.193,0,123737,571190.83,B
16,7/27/12,69,3.57,197.9792136,6.061,0,57197,539337.87,B
17,7/27/12,74.2,3.537,130.7195806,5.936,0,93188,907493.24,B
18,7/27/12,72.97,3.701,138.2033871,8.535,0,120653,924506.26,B
19,7/27/12,74.43,3.82,138.2033871,8.193,0,203819,1248915.43,A
20,7/27/12,74.6,3.647,214.7382432,7.28,0,203742,1911559.1,A
21,7/27/12,88.09,3.407,221.5785461,6.565,0,140167,677789.14,B
22,7/27/12,73.52,3.701,142.2126924,7.753,0,119557,925731.21,B
23,7/27/12,69.31,3.701,138.2033871,4.156,0,114533,1322932.36,B
24,7/27/12,73.62,3.82,138.2033871,8.953,0,203819,1307339.14,A
25,7/27/12,72.98,3.647,214.7382432,7.28,0,128107,659109.53,B
26,7/27/12,64.12,3.701,138.2033871,7.405,0,152513,1031745.14,A
27,7/27/12,76.01,3.82,142.2126924,8.239,0,204184,1625883.71,A
28,7/27/12,93.47,3.769,130.7195806,10.926,0,206302,1135035.09,A
29,7/27/12,73.52,3.701,138.2033871,9.419,0,93638,475158.24,B
30,7/27/12,88.09,3.407,221.5785461,6.565,0,42988,424581.17,C
31,7/27/12,88.09,3.407,221.5785461,6.565,0,203750,1303732.36,A
32,7/27/12,77.56,3.57,197.9792136,7.872,0,203007,1144901.52,A
33,7/27/12,93.95,3.769,130.7195806,7.147,0,39690,249134.32,A
34,7/27/12,77.3,3.356,130.7195806,9.285,0,158114,917883.79,A
35,7/27/12,76.01,3.647,142.2126924,8.839,0,103681,808030.15,B
36,7/27/12,84,3.392,220.6234054,6.623,0,39910,279643.43,A
37,7/27/12,84,3.407,220.6234054,6.623,0,39910,514489.17,C
38,7/27/12,93.47,3.769,130.7195806,10.926,0,39690,407186.47,C
39,7/27/12,82.89,3.407,220.6234054,6.623,0,184109,1487797.54,A
40,7/27/12,67.88,3.701,138.2033871,4.156,0,155083,954396.85,A
41,7/27/12,73.31,3.57,197.9792136,6.432,0,196321,1344723.97,A
42,7/27/12,83.98,3.769,130.7195806,7.17,0,39690,516352.21,C
43,7/27/12,82.01,3.407,213.3303963,9.285,0,41062,572447.52,C
44,7/27/12,80.42,3.537,130.7195806,5.407,0,39910,319855.26,C
45,7/27/12,77.2,3.647,191.1655664,8.684,0,118221,711671.58,B
1,8/3/12,86.11,3.417,221.9498642,6.908,0,151315,1631135.79,A
2,8/3/12,90.22,3.417,221.5869799,6.565,0,202307,1946104.64,A
3,8/3/12,86.55,3.417,225.4636332,6.334,0,37392,419990.29,B
4,8/3/12,83.86,3.374,130.737871,4.077,0,205863,2174514.13,A
5,8/3/12,86.91,3.417,222.5385111,5.603,0,34875,324195.17,B
6,8/3/12,87.55,3.417,223.5607856,5.668,0,202505,1627274.93,A
7,8/3/12,61.83,3.528,198.0293893,7.872,0,70713,680954.81,B
8,8/3/12,85.06,3.417,225.5127949,5.401,0,155078,897076.73,A
9,8/3/12,90.23,3.417,225.7070437,5.277,0,125833,533887.54,B
10,8/3/12,84.76,3.595,130.737871,7.17,0,126512,1939440.09,B
11,8/3/12,86.94,3.417,225.4636332,6.334,0,207499,1399341.07,A
12,8/3/12,88.16,3.76,130.737871,10.926,0,112238,958667.23,B
13,8/3/12,81.99,3.512,130.737871,5.765,0,219622,2044148.23,A
14,8/3/12,76.58,3.654,191.16409,8.684,0,200898,1656886.46,A
15,8/3/12,73.13,3.819,138.1735806,8.193,0,123737,590739.62,B
16,8/3/12,68.59,3.528,198.0293893,6.061,0,57197,584000.71,B
17,8/3/12,72.94,3.512,130.737871,5.936,0,93188,877813.33,B
18,8/3/12,72.67,3.698,138.1735806,8.535,0,120653,1052066.58,B
19,8/3/12,73.41,3.819,138.1735806,8.193,0,203819,1342123.78,A
20,8/3/12,74.73,3.654,214.7433514,7.28,0,203742,2094515.71,A
21,8/3/12,91.57,3.417,221.5869799,6.565,0,140167,693785.85,B
22,8/3/12,72.99,3.698,142.1916279,7.753,0,119557,1007257.83,B
23,8/3/12,71.51,3.698,138.1735806,4.156,0,114533,1416926.31,B
24,8/3/12,73.26,3.819,138.1735806,8.953,0,203819,1440374.13,A
25,8/3/12,72.08,3.654,214.7433514,7.28,0,128107,709724.6,B
26,8/3/12,65.6,3.698,138.1735806,7.405,0,152513,1090915.09,A
27,8/3/12,75.22,3.819,142.1916279,8.239,0,204184,1705810.84,A
28,8/3/12,88.16,3.76,130.737871,10.926,0,206302,1376520.1,A
29,8/3/12,72.99,3.698,138.1735806,9.419,0,93638,504754.74,B
30,8/3/12,91.57,3.417,221.5869799,6.565,0,42988,425136.55,C
31,8/3/12,91.57,3.417,221.5869799,6.565,0,203750,1390174.63,A
32,8/3/12,75.09,3.528,198.0293893,7.872,0,203007,1183571.35,A
33,8/3/12,92.13,3.595,130.737871,7.147,0,39690,258533.12,A
34,8/3/12,78.93,3.374,130.737871,9.285,0,158114,973250.41,A
35,8/3/12,75.22,3.654,142.1916279,8.839,0,103681,866216.36,B
36,8/3/12,85.56,3.404,220.6319358,6.623,0,39910,304989.97,A
37,8/3/12,85.56,3.417,220.6319358,6.623,0,39910,521959.28,C
38,8/3/12,88.16,3.76,130.737871,10.926,0,39690,469311.17,C
39,8/3/12,84.05,3.417,220.6319358,6.623,0,184109,1608277.74,A
40,8/3/12,70.15,3.698,138.1735806,4.156,0,155083,1068346.76,A
41,8/3/12,73.16,3.528,198.0293893,6.432,0,196321,1439607.35,A
42,8/3/12,84.76,3.595,130.737871,7.17,0,39690,573084.71,C
43,8/3/12,85.06,3.417,213.3388802,9.285,0,41062,614378.94,C
44,8/3/12,81.99,3.512,130.737871,5.407,0,39910,342385.38,C
45,8/3/12,76.58,3.654,191.16409,8.684,0,118221,725729.51,B
1,8/10/12,85.05,3.494,221.9584329,6.908,0,151315,1592409.97,A
2,8/10/12,88.55,3.494,221.5954138,6.565,0,202307,1866719.96,A
3,8/10/12,85.85,3.494,225.4735085,6.334,0,37392,391811.6,B
4,8/10/12,83.21,3.476,130.7561613,4.077,0,205863,2193367.69,A
5,8/10/12,86.96,3.494,222.5472987,5.603,0,34875,306759.7,B
6,8/10/12,87.04,3.494,223.5699533,5.668,0,202505,1588380.73,A
7,8/10/12,63.41,3.509,198.0795651,7.872,0,70713,675926.3,B
8,8/10/12,83.74,3.494,225.5226885,5.401,0,155078,930745.69,A
9,8/10/12,88.66,3.494,225.7170094,5.277,0,125833,538713.47,B
10,8/10/12,90.78,3.811,130.7561613,7.17,0,126512,1880436.94,B
11,8/10/12,86.21,3.494,225.4735085,6.334,0,207499,1388973.65,A
12,8/10/12,95.91,3.811,130.7561613,10.926,0,112238,984689.9,B
13,8/10/12,81.69,3.509,130.7561613,5.765,0,219622,2041019.92,A
14,8/10/12,78.65,3.722,191.1626135,8.684,0,200898,1648570.03,A
15,8/10/12,73.99,3.863,138.1437742,8.193,0,123737,590453.63,B
16,8/10/12,70.24,3.509,198.0795651,6.061,0,57197,554036.84,B
17,8/10/12,73.29,3.509,130.7561613,5.936,0,93188,849074.04,B
18,8/10/12,75.7,3.772,138.1437742,8.535,0,120653,967304.07,B
19,8/10/12,74.45,3.863,138.1437742,8.193,0,203819,1408907.89,A
20,8/10/12,75.4,3.722,214.7484595,7.28,0,203742,2144245.39,A
21,8/10/12,89.57,3.494,221.5954138,6.565,0,140167,700272.01,B
22,8/10/12,76.74,3.772,142.1705634,7.753,0,119557,973812.79,B
23,8/10/12,71.12,3.772,138.1437742,4.156,0,114533,1436311.76,B
24,8/10/12,75.53,3.863,138.1437742,8.953,0,203819,1497054.81,A
25,8/10/12,71.93,3.722,214.7484595,7.28,0,128107,710496.97,B
26,8/10/12,67.01,3.772,138.1437742,7.405,0,152513,1121476.51,A
27,8/10/12,78.44,3.863,142.1705634,8.239,0,204184,1720537.26,A
28,8/10/12,95.91,3.811,130.7561613,10.926,0,206302,1269113.41,A
29,8/10/12,76.74,3.772,138.1437742,9.419,0,93638,518628.42,B
30,8/10/12,89.57,3.494,221.5954138,6.565,0,42988,430878.28,C
31,8/10/12,89.57,3.494,221.5954138,6.565,0,203750,1386472.59,A
32,8/10/12,75.93,3.509,198.0795651,7.872,0,203007,1227469.2,A
33,8/10/12,100.07,3.811,130.7561613,7.147,0,39690,297753.49,A
34,8/10/12,78.26,3.476,130.7561613,9.285,0,158114,1004523.59,A
35,8/10/12,78.44,3.722,142.1705634,8.839,0,103681,888368.8,B
36,8/10/12,84.41,3.49,220.6404663,6.623,0,39910,298947.51,A
37,8/10/12,84.41,3.494,220.6404663,6.623,0,39910,500964.59,C
38,8/10/12,95.91,3.811,130.7561613,10.926,0,39690,436690.13,C
39,8/10/12,83.47,3.494,220.6404663,6.623,0,184109,1641867.92,A
40,8/10/12,70.09,3.772,138.1437742,4.156,0,155083,1007906.43,A
41,8/10/12,71.73,3.509,198.0795651,6.432,0,196321,1504545.94,A
42,8/10/12,90.78,3.811,130.7561613,7.17,0,39690,576620.31,C
43,8/10/12,86.36,3.494,213.3473641,9.285,0,41062,643558.78,C
44,8/10/12,81.69,3.509,130.7561613,5.407,0,39910,333594.81,C
45,8/10/12,78.65,3.722,191.1626135,8.684,0,118221,733037.32,B
1,8/17/12,84.85,3.571,222.0384109,6.908,0,151315,1597868.05,A
2,8/17/12,84.79,3.571,221.6751459,6.565,0,202307,1928016.01,A
3,8/17/12,87.36,3.571,225.5558664,6.334,0,37392,394918.83,B
4,8/17/12,81.41,3.552,130.7909677,4.077,0,205863,2283540.3,A
5,8/17/12,87.52,3.571,222.6276753,5.603,0,34875,314014.18,B
6,8/17/12,87.53,3.571,223.6510224,5.668,0,202505,1543049.52,A
7,8/17/12,59.66,3.545,198.1001057,7.872,0,70713,642450.4,B
8,8/17/12,81.21,3.571,225.6050797,5.401,0,155078,896613.19,A
9,8/17/12,86.37,3.571,225.7995323,5.277,0,125833,535153.47,B
10,8/17/12,88.83,4.002,130.7909677,7.17,0,126512,1827797.4,B
11,8/17/12,87.73,3.571,225.5558664,6.334,0,207499,1421307.2,A
12,8/17/12,94.87,4.002,130.7909677,10.926,0,112238,1005003.12,B
13,8/17/12,79.4,3.545,130.7909677,5.765,0,219622,2095769.18,A
14,8/17/12,75.71,3.807,191.2284919,8.684,0,200898,1660433.3,A
15,8/17/12,70.29,3.963,138.1857097,8.193,0,123737,579738.2,B
16,8/17/12,62.07,3.545,198.1001057,6.061,0,57197,521896.6,B
17,8/17/12,70.98,3.545,130.7909677,5.936,0,93188,844928.17,B
18,8/17/12,73.25,3.84,138.1857097,8.535,0,120653,1048134.24,B
19,8/17/12,69.83,3.963,138.1857097,8.193,0,203819,1375101.26,A
20,8/17/12,69.57,3.807,214.825578,7.28,0,203742,2045061.22,A
21,8/17/12,85.55,3.571,221.6751459,6.565,0,140167,751963.81,B
22,8/17/12,74.92,3.84,142.2157385,7.753,0,119557,981273.26,B
23,8/17/12,69.97,3.84,138.1857097,4.156,0,114533,1510131.45,B
24,8/17/12,72.87,3.963,138.1857097,8.953,0,203819,1397970.54,A
25,8/17/12,66.99,3.807,214.825578,7.28,0,128107,728467.72,B
26,8/17/12,65.54,3.84,138.1857097,7.405,0,152513,1068292.56,A
27,8/17/12,76.51,3.963,142.2157385,8.239,0,204184,1735339.59,A
28,8/17/12,94.87,4.002,130.7909677,10.926,0,206302,1184198.41,A
29,8/17/12,74.92,3.84,138.1857097,9.419,0,93638,416881.66,B
30,8/17/12,85.55,3.571,221.6751459,6.565,0,42988,423351.15,C
31,8/17/12,85.55,3.571,221.6751459,6.565,0,203750,1410181.7,A
32,8/17/12,70.75,3.545,198.1001057,7.872,0,203007,1261306.37,A
33,8/17/12,96.79,4.002,130.7909677,7.147,0,39690,270097.76,A
34,8/17/12,77.78,3.552,130.7909677,9.285,0,158114,1013820.86,A
35,8/17/12,76.51,3.807,142.2157385,8.839,0,103681,887979.47,B
36,8/17/12,85.89,3.571,220.7199609,6.623,0,39910,314607.22,A
37,8/17/12,85.89,3.571,220.7199609,6.623,0,39910,509633.71,C
38,8/17/12,94.87,4.002,130.7909677,10.926,0,39690,411866.46,C
39,8/17/12,84.72,3.571,220.7199609,6.623,0,184109,1720221.91,A
40,8/17/12,69.41,3.84,138.1857097,4.156,0,155083,969387.48,A
41,8/17/12,65.77,3.545,198.1001057,6.432,0,196321,1560590.05,A
42,8/17/12,88.83,4.002,130.7909677,7.17,0,39690,575997.78,C
43,8/17/12,85.66,3.571,213.4226959,9.285,0,41062,640210.85,C
44,8/17/12,79.4,3.545,130.7909677,5.407,0,39910,327389.51,C
45,8/17/12,75.71,3.807,191.2284919,8.684,0,118221,722496.93,B
1,8/24/12,77.66,3.62,222.1719457,6.908,0,151315,1494122.38,A
2,8/24/12,76.91,3.62,221.8083518,6.565,0,202307,1876788.15,A
3,8/24/12,83.01,3.62,225.6925864,6.334,0,37392,412449.67,B
4,8/24/12,75.76,3.61,130.8381613,4.077,0,205863,2125241.68,A
5,8/24/12,79.45,3.62,222.7617437,5.603,0,34875,320831.36,B
6,8/24/12,79.03,3.62,223.7860175,5.668,0,202505,1501095.49,A
7,8/24/12,59.27,3.558,198.0984199,7.872,0,70713,609099.37,B
8,8/24/12,73.77,3.62,225.7418442,5.401,0,155078,936373.65,A
9,8/24/12,77.9,3.62,225.9364729,5.277,0,125833,572887.78,B
10,8/24/12,82.5,4.055,130.8381613,7.17,0,126512,1764984.15,B
11,8/24/12,83.17,3.62,225.6925864,6.334,0,207499,1409515.73,A
12,8/24/12,85.32,4.055,130.8381613,10.926,0,112238,1048101.39,B
13,8/24/12,77.37,3.582,130.8381613,5.765,0,219622,2059458.25,A
14,8/24/12,72.62,3.834,191.3448865,8.684,0,200898,1621841.33,A
15,8/24/12,66.98,3.997,138.2814516,8.193,0,123737,606210.77,B
16,8/24/12,61.44,3.558,198.0984199,6.061,0,57197,551152.15,B
17,8/24/12,68.89,3.582,130.8381613,5.936,0,93188,924299.78,B
18,8/24/12,68.52,3.874,138.2814516,8.535,0,120653,1145840.91,B
19,8/24/12,66.66,3.997,138.2814516,8.193,0,203819,1544653.37,A
20,8/24/12,68.27,3.834,214.9567044,7.28,0,203742,2005341.43,A
21,8/24/12,77.72,3.62,221.8083518,6.565,0,140167,802003.61,B
22,8/24/12,70.42,3.874,142.3105933,7.753,0,119557,1060906.75,B
23,8/24/12,64.63,3.874,138.2814516,4.156,0,114533,1702220.96,B
24,8/24/12,68.13,3.997,138.2814516,8.953,0,203819,1303726.54,A
25,8/24/12,64.53,3.834,214.9567044,7.28,0,128107,756527.64,B
26,8/24/12,62.08,3.874,138.2814516,7.405,0,152513,1022704.2,A
27,8/24/12,72.93,3.997,142.3105933,8.239,0,204184,1780443.36,A
28,8/24/12,85.32,4.055,130.8381613,10.926,0,206302,1199309.59,A
29,8/24/12,70.42,3.874,138.2814516,9.419,0,93638,615026.15,B
30,8/24/12,77.72,3.62,221.8083518,6.565,0,42988,425296.65,C
31,8/24/12,77.72,3.62,221.8083518,6.565,0,203750,1379783.21,A
32,8/24/12,70.12,3.558,198.0984199,7.872,0,203007,1272809.11,A
33,8/24/12,89.62,4.055,130.8381613,7.147,0,39690,247672.56,A
34,8/24/12,72.44,3.61,130.8381613,9.285,0,158114,926250.21,A
35,8/24/12,72.93,3.834,142.3105933,8.839,0,103681,895274.72,B
36,8/24/12,81.26,3.574,220.8526787,6.623,0,39910,282545.55,A
37,8/24/12,81.26,3.62,220.8526787,6.623,0,39910,522665.04,C
38,8/24/12,85.32,4.055,130.8381613,10.926,0,39690,397428.22,C
39,8/24/12,80.49,3.62,220.8526787,6.623,0,184109,1724669.75,A
40,8/24/12,63.91,3.874,138.2814516,4.156,0,155083,945318.47,A
41,8/24/12,69.07,3.558,198.0984199,6.432,0,196321,1464462.85,A
42,8/24/12,82.5,4.055,130.8381613,7.17,0,39690,535537.03,C
43,8/24/12,81.65,3.62,213.5481636,9.285,0,41062,598234.64,C
44,8/24/12,77.37,3.582,130.8381613,5.407,0,39910,337985.74,C
45,8/24/12,72.62,3.834,191.3448865,8.684,0,118221,718232.26,B
1,8/31/12,80.49,3.638,222.3054805,6.908,0,151315,1582083.4,A
2,8/31/12,82.64,3.638,221.9415576,6.565,0,202307,1947083.3,A
3,8/31/12,85.18,3.638,225.8293063,6.334,0,37392,408838.73,B
4,8/31/12,76.47,3.646,130.8853548,4.077,0,205863,2081181.35,A
5,8/31/12,84.25,3.638,222.8958121,5.603,0,34875,344642.01,B
6,8/31/12,83.58,3.638,223.9210125,5.668,0,202505,1577439.81,A
7,8/31/12,60.46,3.556,198.0967341,7.872,0,70713,586467.16,B
8,8/31/12,75.33,3.638,225.8786088,5.401,0,155078,976137.73,A
9,8/31/12,80.71,3.638,226.0734135,5.277,0,125833,576879.15,B
10,8/31/12,86.97,3.886,130.8853548,7.17,0,126512,1650285.54,B
11,8/31/12,86.49,3.638,225.8293063,6.334,0,207499,1372872.35,A
12,8/31/12,89.78,4.093,130.8853548,10.926,0,112238,1061943.49,B
13,8/31/12,79.18,3.624,130.8853548,5.765,0,219622,2073855.42,A
14,8/31/12,75.09,3.867,191.461281,8.684,0,200898,1613342.19,A
15,8/31/12,71.42,4.026,138.3771935,8.193,0,123737,610185.32,B
16,8/31/12,64.19,3.556,198.0967341,6.061,0,57197,551837.31,B
17,8/31/12,68.07,3.624,130.8853548,5.936,0,93188,865924.2,B
18,8/31/12,70.09,3.884,138.3771935,8.535,0,120653,1117097.23,B
19,8/31/12,71.85,4.026,138.3771935,8.193,0,203819,1542719.87,A
20,8/31/12,72.66,3.867,215.0878309,7.28,0,203742,2062481.56,A
21,8/31/12,83.58,3.638,221.9415576,6.565,0,140167,763867.59,B
22,8/31/12,71.93,3.884,142.4054482,7.753,0,119557,1022270.86,B
23,8/31/12,68.34,3.884,138.3771935,4.156,0,114533,1577468.78,B
24,8/31/12,71.18,4.026,138.3771935,8.953,0,203819,1344558.92,A
25,8/31/12,68.55,3.867,215.0878309,7.28,0,128107,714828.73,B
26,8/31/12,63.69,3.884,138.3771935,7.405,0,152513,1053495.51,A
27,8/31/12,75,4.026,142.4054482,8.239,0,204184,1731935.43,A
28,8/31/12,89.78,4.093,130.8853548,10.926,0,206302,1227118.75,A
29,8/31/12,71.93,3.884,138.3771935,9.419,0,93638,545844.91,B
30,8/31/12,83.58,3.638,221.9415576,6.565,0,42988,439132.5,C
31,8/31/12,83.58,3.638,221.9415576,6.565,0,203750,1373651.49,A
32,8/31/12,76.12,3.556,198.0967341,7.872,0,203007,1183979.27,A
33,8/31/12,94.55,3.886,130.8853548,7.147,0,39690,237129.81,A
34,8/31/12,75.89,3.646,130.8853548,9.285,0,158114,933487.71,A
35,8/31/12,75,3.867,142.4054482,8.839,0,103681,931278.97,B
36,8/31/12,84.79,3.608,220.9853964,6.623,0,39910,282647.48,A
37,8/31/12,84.79,3.638,220.9853964,6.623,0,39910,538344.1,C
38,8/31/12,89.78,4.093,130.8853548,10.926,0,39690,424904.95,C
39,8/31/12,83.72,3.638,220.9853964,6.623,0,184109,1710923.94,A
40,8/31/12,66.11,3.884,138.3771935,4.156,0,155083,987264.67,A
41,8/31/12,71.56,3.556,198.0967341,6.432,0,196321,1360517.52,A
42,8/31/12,86.97,3.886,130.8853548,7.17,0,39690,504760.57,C
43,8/31/12,81.12,3.638,213.6736313,9.285,0,41062,593141.29,C
44,8/31/12,79.18,3.624,130.8853548,5.407,0,39910,339490.69,C
45,8/31/12,75.09,3.867,191.461281,8.684,0,118221,734297.87,B
1,9/7/12,83.96,3.73,222.4390153,6.908,1,151315,1661767.33,A
2,9/7/12,87.65,3.73,222.0747635,6.565,1,202307,1898777.07,A
3,9/7/12,84.99,3.73,225.9660263,6.334,1,37392,408229.73,B
4,9/7/12,82.09,3.709,130.9325484,4.077,1,205863,2125104.72,A
5,9/7/12,86.3,3.73,223.0298805,5.603,1,34875,350648.91,B
6,9/7/12,86.33,3.73,224.0560076,5.668,1,202505,1608077.01,A
7,9/7/12,57.84,3.596,198.0950484,7.872,1,70713,597876.55,B
8,9/7/12,80.87,3.73,226.0153733,5.401,1,155078,932160.37,A
9,9/7/12,87.93,3.73,226.2103541,5.277,1,125833,565812.29,B
10,9/7/12,83.07,4.124,130.9325484,7.17,1,126512,1708283.28,B
11,9/7/12,85.17,3.73,225.9660263,6.334,1,207499,1304584.4,A
12,9/7/12,88.52,4.124,130.9325484,10.926,1,112238,955146.04,B
13,9/7/12,70.65,3.689,130.9325484,5.765,1,219622,2165796.31,A
14,9/7/12,75.7,3.911,191.5776756,8.684,1,200898,1904512.34,A
15,9/7/12,71.61,4.076,138.4729355,8.193,1,123737,587259.82,B
16,9/7/12,60.09,3.596,198.0950484,6.061,1,57197,537138.58,B
17,9/7/12,61.99,3.689,130.9325484,5.936,1,93188,1255633.29,B
18,9/7/12,71.85,3.921,138.4729355,8.535,1,120653,1083521.24,B
19,9/7/12,72.2,4.076,138.4729355,8.193,1,203819,1497073.82,A
20,9/7/12,76.36,3.911,215.2189573,7.28,1,203742,2080529.06,A
21,9/7/12,88.4,3.73,222.0747635,6.565,1,140167,642827.29,B
22,9/7/12,73.3,3.921,142.500303,7.753,1,119557,996628.8,B
23,9/7/12,66.74,3.921,138.4729355,4.156,1,114533,1427162.26,B
24,9/7/12,72.81,4.076,138.4729355,8.953,1,203819,1477134.75,A
25,9/7/12,72.79,3.911,215.2189573,7.28,1,128107,671482.9,B
26,9/7/12,61.58,3.921,138.4729355,7.405,1,152513,1081874.03,A
27,9/7/12,76,4.076,142.500303,8.239,1,204184,1840955.23,A
28,9/7/12,88.52,4.124,130.9325484,10.926,1,206302,1469693.99,A
29,9/7/12,73.3,3.921,138.4729355,9.419,1,93638,540811.85,B
30,9/7/12,88.4,3.73,222.0747635,6.565,1,42988,433565.77,C
31,9/7/12,88.4,3.73,222.0747635,6.565,1,203750,1358111.62,A
32,9/7/12,72.56,3.596,198.0950484,7.872,1,203007,1126685.95,A
33,9/7/12,92.02,4.124,130.9325484,7.147,1,39690,286428.78,A
34,9/7/12,78.26,3.709,130.9325484,9.285,1,158114,976415.56,A
35,9/7/12,76,3.911,142.500303,8.839,1,103681,984833.35,B
36,9/7/12,84.19,3.697,221.1181142,6.623,1,39910,293728.57,A
37,9/7/12,84.19,3.73,221.1181142,6.623,1,39910,526838.14,C
38,9/7/12,88.52,4.124,130.9325484,10.926,1,39690,490274.82,C
39,9/7/12,83.71,3.73,221.1181142,6.623,1,184109,1609811.75,A
40,9/7/12,65.06,3.921,138.4729355,4.156,1,155083,1088248.4,A
41,9/7/12,67.41,3.596,198.0950484,6.432,1,196321,1392143.82,A
42,9/7/12,83.07,4.124,130.9325484,7.17,1,39690,617405.35,C
43,9/7/12,84.99,3.73,213.7990991,9.285,1,41062,663814.18,C
44,9/7/12,70.65,3.689,130.9325484,5.407,1,39910,338737.33,C
45,9/7/12,75.7,3.911,191.5776756,8.684,1,118221,766512.66,B
1,9/14/12,74.97,3.717,222.5820193,6.908,0,151315,1517428.87,A
2,9/14/12,75.88,3.717,222.2174395,6.565,0,202307,1814806.63,A
3,9/14/12,78.36,3.717,226.1122067,6.334,0,37392,407589.16,B
4,9/14/12,68.2,3.706,130.9776667,4.077,0,205863,2117854.6,A
5,9/14/12,76.65,3.717,223.1734167,5.603,0,34875,299800.67,B
6,9/14/12,76.41,3.717,224.2004678,5.668,0,202505,1375166.86,A
7,9/14/12,53.66,3.659,198.1267184,7.872,0,70713,541120.2,B
8,9/14/12,67.21,3.717,226.1615981,5.401,0,155078,883569.38,A
9,9/14/12,73.55,3.717,226.3567545,5.277,0,125833,523427.35,B
10,9/14/12,78.47,3.966,130.9776667,7.17,0,126512,1640168.99,B
11,9/14/12,79.61,3.717,226.1122067,6.334,0,207499,1267675.05,A
12,9/14/12,83.64,4.133,130.9776667,10.926,0,112238,885892.37,B
13,9/14/12,68.55,3.749,130.9776667,5.765,0,219622,1919917.03,A
14,9/14/12,67.87,3.948,191.69985,8.684,0,200898,1554794.22,A
15,9/14/12,65.44,4.088,138.5673,8.193,0,123737,527509.76,B
16,9/14/12,56.69,3.659,198.1267184,6.061,0,57197,526525.16,B
17,9/14/12,59.64,3.749,130.9776667,5.936,0,93188,1071040.22,B
18,9/14/12,64.45,3.988,138.5673,8.535,0,120653,960476.1,B
19,9/14/12,65.08,4.088,138.5673,8.193,0,203819,1370653.41,A
20,9/14/12,64.84,3.948,215.3583757,7.28,0,203742,2047949.98,A
21,9/14/12,76.1,3.717,222.2174395,6.565,0,140167,628494.63,B
22,9/14/12,66.42,3.988,142.5938833,7.753,0,119557,918049.28,B
23,9/14/12,61.37,3.988,138.5673,4.156,0,114533,1279041.64,B
24,9/14/12,64.28,4.088,138.5673,8.953,0,203819,1242909.53,A
25,9/14/12,60.9,3.948,215.3583757,7.28,0,128107,657241.63,B
26,9/14/12,57.69,3.988,138.5673,7.405,0,152513,986131.94,A
27,9/14/12,68.72,4.088,142.5938833,8.239,0,204184,1519604.5,A
28,9/14/12,83.64,4.133,130.9776667,10.926,0,206302,1124660.77,A
29,9/14/12,66.42,3.988,138.5673,9.419,0,93638,475127.18,B
30,9/14/12,76.1,3.717,222.2174395,6.565,0,42988,437773.31,C
31,9/14/12,76.1,3.717,222.2174395,6.565,0,203750,1327705.44,A
32,9/14/12,64.05,3.659,198.1267184,7.872,0,203007,1156377.47,A
33,9/14/12,83.4,3.966,130.9776667,7.147,0,39690,277417.53,A
34,9/14/12,64.28,3.706,130.9776667,9.285,0,158114,955211.7,A
35,9/14/12,68.72,3.948,142.5938833,8.839,0,103681,821568.64,B
36,9/14/12,78.16,3.692,221.2601207,6.623,0,39910,301893.63,A
37,9/14/12,78.16,3.717,221.2601207,6.623,0,39910,514651.74,C
38,9/14/12,83.64,4.133,130.9776667,10.926,0,39690,430944.39,C
39,9/14/12,76.71,3.717,221.2601207,6.623,0,184109,1447614.08,A
40,9/14/12,59.38,3.988,138.5673,4.156,0,155083,901709.82,A
41,9/14/12,59.39,3.659,198.1267184,6.432,0,196321,1306644.25,A
42,9/14/12,78.47,3.966,130.9776667,7.17,0,39690,586737.66,C
43,9/14/12,73.03,3.717,213.9332167,9.285,0,41062,625196.94,C
44,9/14/12,68.55,3.749,130.9776667,5.407,0,39910,347726.67,C
45,9/14/12,67.87,3.948,191.69985,8.684,0,118221,702238.27,B
1,9/21/12,69.87,3.721,222.7818386,6.908,0,151315,1506126.06,A
2,9/21/12,71.09,3.721,222.4169362,6.565,0,202307,1829415.67,A
3,9/21/12,72.78,3.721,226.3151496,6.334,0,37392,414392.09,B
4,9/21/12,68.97,3.721,131.0103333,4.077,0,205863,2119438.53,A
5,9/21/12,71.09,3.721,223.3737593,5.603,0,34875,307306.76,B
6,9/21/12,70.81,3.721,224.4017192,5.668,0,202505,1425603.65,A
7,9/21/12,51.77,3.765,198.358523,7.872,0,70713,530842.25,B
8,9/21/12,66.96,3.721,226.3645848,5.401,0,155078,857796.45,A
9,9/21/12,69.92,3.721,226.5599138,5.277,0,125833,533756.88,B
10,9/21/12,81.93,4.125,131.0103333,7.17,0,126512,1671857.57,B
11,9/21/12,73.64,3.721,226.3151496,6.334,0,207499,1326132.98,A
12,9/21/12,82.97,4.125,131.0103333,10.926,0,112238,922735.37,B
13,9/21/12,67.96,3.821,131.0103333,5.765,0,219622,1938379.66,A
14,9/21/12,65.32,4.038,191.8567038,8.684,0,200898,1565352.46,A
15,9/21/12,60.34,4.203,138.6534,8.193,0,123737,533161.64,B
16,9/21/12,56.48,3.765,198.358523,6.061,0,57197,509942.56,B
17,9/21/12,58.43,3.821,131.0103333,5.936,0,93188,938303.28,B
18,9/21/12,60.23,4.056,138.6534,8.535,0,120653,971386.65,B
19,9/21/12,60.62,4.203,138.6534,8.193,0,203819,1338572.29,A
20,9/21/12,60.94,4.038,215.5475459,7.28,0,203742,2028587.24,A
21,9/21/12,71.54,3.721,222.4169362,6.565,0,140167,667151.46,B
22,9/21/12,63.38,4.056,142.6798167,7.753,0,119557,921612.53,B
23,9/21/12,56.8,4.056,138.6534,4.156,0,114533,1338627.55,B
24,9/21/12,61.25,4.203,138.6534,8.953,0,203819,1261158.47,A
25,9/21/12,57.6,4.038,215.5475459,7.28,0,128107,664745.2,B
26,9/21/12,52.68,4.056,138.6534,7.405,0,152513,961084.08,A
27,9/21/12,66.1,4.203,142.6798167,8.239,0,204184,1557485.75,A
28,9/21/12,82.97,4.125,131.0103333,10.926,0,206302,1135340.19,A
29,9/21/12,63.38,4.056,138.6534,9.419,0,93638,489079.23,B
30,9/21/12,71.54,3.721,222.4169362,6.565,0,42988,443891.64,C
31,9/21/12,71.54,3.721,222.4169362,6.565,0,203750,1373064.87,A
32,9/21/12,63.49,3.765,198.358523,7.872,0,203007,1159119.6,A
33,9/21/12,86.53,4.125,131.0103333,7.147,0,39690,252709.58,A
34,9/21/12,66.08,3.721,131.0103333,9.285,0,158114,943047.78,A
35,9/21/12,66.1,4.038,142.6798167,8.839,0,103681,772302.94,B
36,9/21/12,75.98,3.709,221.4578604,6.623,0,39910,293804.45,A
37,9/21/12,75.98,3.721,221.4578604,6.623,0,39910,521320.98,C
38,9/21/12,82.97,4.125,131.0103333,10.926,0,39690,409600.98,C
39,9/21/12,73.58,3.721,221.4578604,6.623,0,184109,1555672.51,A
40,9/21/12,54.12,4.056,138.6534,4.156,0,155083,899768.4,A
41,9/21/12,59.81,3.765,198.358523,6.432,0,196321,1276609.36,A
42,9/21/12,81.93,4.125,131.0103333,7.17,0,39690,527165.7,C
43,9/21/12,75.87,3.721,214.1192333,9.285,0,41062,601990.02,C
44,9/21/12,67.96,3.821,131.0103333,5.407,0,39910,336017.6,C
45,9/21/12,65.32,4.038,191.8567038,8.684,0,118221,723086.2,B
1,9/28/12,76.08,3.666,222.9816579,6.908,0,151315,1437059.26,A
2,9/28/12,79.45,3.666,222.6164329,6.565,0,202307,1746470.56,A
3,9/28/12,77.46,3.666,226.5180926,6.334,0,37392,389813.02,B
4,9/28/12,71.74,3.666,131.043,4.077,0,205863,2027620.23,A
5,9/28/12,78.33,3.666,223.5741019,5.603,0,34875,310141.68,B
6,9/28/12,77.82,3.666,224.6029706,5.668,0,202505,1369131.46,A
7,9/28/12,50.64,3.789,198.5903276,7.872,0,70713,525545.76,B
8,9/28/12,71.1,3.666,226.5675714,5.401,0,155078,884724.41,A
9,9/28/12,76.8,3.666,226.7630732,5.277,0,125833,516361.06,B
10,9/28/12,82.52,3.966,131.043,7.17,0,126512,1694862.41,B
11,9/28/12,77.67,3.666,226.5180926,6.334,0,207499,1227430.73,A
12,9/28/12,81.22,3.966,131.043,10.926,0,112238,880415.67,B
13,9/28/12,64.8,3.821,131.043,5.765,0,219622,1927664.11,A
14,9/28/12,64.88,3.997,192.0135577,8.684,0,200898,1522512.2,A
15,9/28/12,57.13,4.158,138.7395,8.193,0,123737,553901.97,B
16,9/28/12,51.4,3.789,198.5903276,6.061,0,57197,469607.73,B
17,9/28/12,57.77,3.821,131.043,5.936,0,93188,972716.24,B
18,9/28/12,58.24,4.018,138.7395,8.535,0,120653,1002856.2,B
19,9/28/12,56.81,4.158,138.7395,8.193,0,203819,1338299.02,A
20,9/28/12,58.65,3.997,215.7367162,7.28,0,203742,2008350.58,A
21,9/28/12,80.38,3.666,222.6164329,6.565,0,140167,647097.65,B
22,9/28/12,62.17,4.018,142.76575,7.753,0,119557,976479.51,B
23,9/28/12,53.71,4.018,138.7395,4.156,0,114533,1319035.06,B
24,9/28/12,58.86,4.158,138.7395,8.953,0,203819,1259278.36,A
25,9/28/12,54.52,3.997,215.7367162,7.28,0,128107,683300.84,B
26,9/28/12,50.66,4.018,138.7395,7.405,0,152513,964726.37,A
27,9/28/12,64.92,4.158,142.76575,8.239,0,204184,1540687.63,A
28,9/28/12,81.22,3.966,131.043,10.926,0,206302,1129508.61,A
29,9/28/12,62.17,4.018,138.7395,9.419,0,93638,489674.23,B
30,9/28/12,80.38,3.666,222.6164329,6.565,0,42988,425410.04,C
31,9/28/12,80.38,3.666,222.6164329,6.565,0,203750,1279080.58,A
32,9/28/12,60.62,3.789,198.5903276,7.872,0,203007,1157111.15,A
33,9/28/12,86.42,3.966,131.043,7.147,0,39690,242813.51,A
34,9/28/12,67.06,3.666,131.043,9.285,0,158114,928629.31,A
35,9/28/12,64.92,3.997,142.76575,8.839,0,103681,814099.86,B
36,9/28/12,79.49,3.66,221.6556,6.623,0,39910,270677.98,A
37,9/28/12,79.49,3.666,221.6556,6.623,0,39910,527953.14,C
38,9/28/12,81.22,3.966,131.043,10.926,0,39690,398468.08,C
39,9/28/12,78.04,3.666,221.6556,6.623,0,184109,1495607.07,A
40,9/28/12,50.98,4.018,138.7395,4.156,0,155083,919595.44,A
41,9/28/12,56.08,3.789,198.5903276,6.432,0,196321,1307928.01,A
42,9/28/12,82.52,3.966,131.043,7.17,0,39690,505978.46,C
43,9/28/12,77.55,3.666,214.30525,9.285,0,41062,577792.32,C
44,9/28/12,64.8,3.821,131.043,5.407,0,39910,355307.94,C
45,9/28/12,64.88,3.997,192.0135577,8.684,0,118221,713173.95,B
1,10/5/12,68.55,3.617,223.1814772,6.573,0,151315,1670785.97,A
2,10/5/12,70.27,3.617,222.8159296,6.17,0,202307,1998321.04,A
3,10/5/12,72.74,3.617,226.7210356,6.034,0,37392,443557.65,B
4,10/5/12,63.07,3.62,131.0756667,3.879,0,205863,2209835.43,A
5,10/5/12,71.17,3.617,223.7744444,5.422,0,34875,343048.29,B
6,10/5/12,70.84,3.617,224.804222,5.329,0,202505,1518177.71,A
7,10/5/12,48.43,3.779,198.8221322,7.557,0,70713,505830.56,B
8,10/5/12,61.41,3.617,226.7705581,5.124,0,155078,976436.02,A
9,10/5/12,66.61,3.617,226.9662325,4.954,0,125833,606755.3,B
10,10/5/12,80.88,4.132,131.0756667,6.943,0,126512,1758971.38,B
11,10/5/12,73.37,3.617,226.7210356,6.034,0,207499,1422794.26,A
12,10/5/12,81.61,3.966,131.0756667,10.199,0,112238,979825.92,B
13,10/5/12,61.79,3.815,131.0756667,5.621,0,219622,2041918.74,A
14,10/5/12,64.89,3.985,192.1704115,8.667,0,200898,1687592.16,A
15,10/5/12,59.57,4.151,138.8256,7.992,0,123737,573498.64,B
16,10/5/12,50.46,3.779,198.8221322,5.847,0,57197,471281.68,B
17,10/5/12,52.81,3.815,131.0756667,5.527,0,93188,952609.17,B
18,10/5/12,59.68,4.027,138.8256,8.243,0,120653,1092204.79,B
19,10/5/12,59.86,4.151,138.8256,7.992,0,203819,1408016.1,A
20,10/5/12,60.77,3.985,215.9258865,7.293,0,203742,2246411.89,A
21,10/5/12,70.28,3.617,222.8159296,6.17,0,140167,651768.91,B
22,10/5/12,62.09,4.027,142.8516833,7.543,0,119557,1009887.36,B
23,10/5/12,56.65,4.027,138.8256,4.145,0,114533,1464616.59,B
24,10/5/12,60.35,4.151,138.8256,8.693,0,203819,1416720.54,A
25,10/5/12,57.58,3.985,215.9258865,7.293,0,128107,699536.73,B
26,10/5/12,54.07,4.027,138.8256,7.138,0,152513,1095504.26,A
27,10/5/12,64.5,4.151,142.8516833,8,0,204184,1591816.88,A
28,10/5/12,81.61,3.966,131.0756667,10.199,0,206302,1462941.03,A
29,10/5/12,62.09,4.027,138.8256,9.151,0,93638,520632.8,B
30,10/5/12,70.28,3.617,222.8159296,6.17,0,42988,446751.45,C
31,10/5/12,70.28,3.617,222.8159296,6.17,0,203750,1363365.05,A
32,10/5/12,55.34,3.779,198.8221322,7.557,0,203007,1202775.24,A
33,10/5/12,85.18,4.132,131.0756667,6.895,0,39690,265444.9,A
34,10/5/12,65.41,3.62,131.0756667,8.839,0,158114,968896.68,A
35,10/5/12,64.5,3.985,142.8516833,8.665,0,103681,866064.4,B
36,10/5/12,73.57,3.611,221.8533396,6.228,0,39910,277137.86,A
37,10/5/12,73.57,3.617,221.8533396,6.228,0,39910,546122.37,C
38,10/5/12,81.61,3.966,131.0756667,10.199,0,39690,458479.01,C
39,10/5/12,72.05,3.617,221.8533396,6.228,0,184109,1574408.67,A
40,10/5/12,57.21,4.027,138.8256,4.145,0,155083,1069112,A
41,10/5/12,50.14,3.779,198.8221322,6.195,0,196321,1400160.95,A
42,10/5/12,80.88,4.132,131.0756667,6.943,0,39690,593162.53,C
43,10/5/12,74.09,3.617,214.4912667,8.839,0,41062,642614.89,C
44,10/5/12,61.79,3.815,131.0756667,5.217,0,39910,337390.44,C
45,10/5/12,64.89,3.985,192.1704115,8.667,0,118221,733455.07,B
1,10/12/12,62.99,3.601,223.3812965,6.573,0,151315,1573072.81,A
2,10/12/12,60.97,3.601,223.0154263,6.17,0,202307,1900745.13,A
3,10/12/12,70.31,3.601,226.9239785,6.034,0,37392,410804.39,B
4,10/12/12,57.11,3.603,131.1083333,3.879,0,205863,2133026.07,A
5,10/12/12,66.24,3.601,223.974787,5.422,0,34875,325345.41,B
6,10/12/12,65.43,3.601,225.0054733,5.329,0,202505,1459396.84,A
7,10/12/12,41.43,3.76,199.0539368,7.557,0,70713,503463.93,B
8,10/12/12,55.03,3.601,226.9735448,5.124,0,155078,927511.99,A
9,10/12/12,60.09,3.601,227.1693919,4.954,0,125833,558464.8,B
10,10/12/12,76.03,4.468,131.1083333,6.943,0,126512,1713889.11,B
11,10/12/12,69.94,3.601,226.9239785,6.034,0,207499,1311965.09,A
12,10/12/12,71.74,4.468,131.1083333,10.199,0,112238,934917.47,B
13,10/12/12,55.1,3.797,131.1083333,5.621,0,219622,1999079.44,A
14,10/12/12,54.47,4,192.3272654,8.667,0,200898,1639585.61,A
15,10/12/12,49.12,4.186,138.9117,7.992,0,123737,551799.63,B
16,10/12/12,43.26,3.76,199.0539368,5.847,0,57197,491817.19,B
17,10/12/12,44.82,3.797,131.1083333,5.527,0,93188,919878.34,B
18,10/12/12,50.97,4.029,138.9117,8.243,0,120653,1074079,B
19,10/12/12,48.29,4.186,138.9117,7.992,0,203819,1352809.5,A
20,10/12/12,47.2,4,216.1150568,7.293,0,203742,2162951.36,A
21,10/12/12,61.53,3.601,223.0154263,6.17,0,140167,653043.44,B
22,10/12/12,54.18,4.029,142.9376167,7.543,0,119557,1004039.84,B
23,10/12/12,48.1,4.029,138.9117,4.145,0,114533,1412925.25,B
24,10/12/12,51.64,4.186,138.9117,8.693,0,203819,1416301.17,A
25,10/12/12,43.74,4,216.1150568,7.293,0,128107,697317.41,B
26,10/12/12,45.19,4.029,138.9117,7.138,0,152513,1044639.69,A
27,10/12/12,55.4,4.186,142.9376167,8,0,204184,1660081.29,A
28,10/12/12,71.74,4.468,131.1083333,10.199,0,206302,1205536.71,A
29,10/12/12,54.18,4.029,138.9117,9.151,0,93638,513737,B
30,10/12/12,61.53,3.601,223.0154263,6.17,0,42988,434593.26,C
31,10/12/12,61.53,3.601,223.0154263,6.17,0,203750,1401113.42,A
32,10/12/12,43.49,3.76,199.0539368,7.557,0,203007,1176681.31,A
33,10/12/12,79.64,4.468,131.1083333,6.895,0,39690,291781.15,A
34,10/12/12,59.94,3.603,131.1083333,8.839,0,158114,948613.39,A
35,10/12/12,55.4,4,142.9376167,8.665,0,103681,873643.14,B
36,10/12/12,71.28,3.576,222.0510793,6.228,0,39910,300236.85,A
37,10/12/12,71.28,3.601,222.0510793,6.228,0,39910,521810.75,C
38,10/12/12,71.74,4.468,131.1083333,10.199,0,39690,437320.66,C
39,10/12/12,69.88,3.601,222.0510793,6.228,0,184109,1494417.07,A
40,10/12/12,47.35,4.029,138.9117,4.145,0,155083,982523.26,A
41,10/12/12,39.38,3.76,199.0539368,6.195,0,196321,1409544.97,A
42,10/12/12,76.03,4.468,131.1083333,6.943,0,39690,612379.9,C
43,10/12/12,71.14,3.601,214.6772833,8.839,0,41062,619369.72,C
44,10/12/12,55.1,3.797,131.1083333,5.217,0,39910,337796.13,C
45,10/12/12,54.47,4,192.3272654,8.667,0,118221,734464.36,B
1,10/19/12,67.97,3.594,223.4257233,6.573,0,151315,1508068.77,A
2,10/19/12,68.08,3.594,223.0598077,6.17,0,202307,1847990.41,A
3,10/19/12,73.44,3.594,226.9688442,6.034,0,37392,424513.08,B
4,10/19/12,64.46,3.61,131.1499677,3.879,0,205863,2097266.85,A
5,10/19/12,69.17,3.594,224.0192873,5.422,0,34875,313358.15,B
6,10/19/12,69.68,3.594,225.0501013,5.329,0,202505,1436883.99,A
7,10/19/12,43.01,3.75,199.1481963,7.557,0,70713,516424.83,B
8,10/19/12,62.99,3.594,227.0184166,5.124,0,155078,900309.75,A
9,10/19/12,68.01,3.594,227.214288,4.954,0,125833,542009.46,B
10,10/19/12,72.71,4.449,131.1499677,6.943,0,126512,1734834.82,B
11,10/19/12,73.77,3.594,226.9688442,6.034,0,207499,1232073.18,A
12,10/19/12,68.66,4.449,131.1499677,10.199,0,112238,960945.43,B
13,10/19/12,52.06,3.781,131.1499677,5.621,0,219622,2018010.15,A
14,10/19/12,56.47,3.969,192.3308542,8.667,0,200898,1590274.72,A
15,10/19/12,52.89,4.153,138.8336129,7.992,0,123737,555652.77,B
16,10/19/12,40.59,3.75,199.1481963,5.847,0,57197,577198.97,B
17,10/19/12,48.16,3.781,131.1499677,5.527,0,93188,957356.84,B
18,10/19/12,51.96,4,138.8336129,8.243,0,120653,1048706.75,B
19,10/19/12,53.44,4.153,138.8336129,7.992,0,203819,1321102.35,A
20,10/19/12,56.26,3.969,216.1464699,7.293,0,203742,1999363.49,A
21,10/19/12,68.52,3.594,223.0598077,6.17,0,140167,641368.14,B
22,10/19/12,55.28,4,142.8633629,7.543,0,119557,978027.95,B
23,10/19/12,47.89,4,138.8336129,4.145,0,114533,1363155.77,B
24,10/19/12,52.59,4.153,138.8336129,8.693,0,203819,1255414.84,A
25,10/19/12,51.93,3.969,216.1464699,7.293,0,128107,685531.85,B
26,10/19/12,43.51,4,138.8336129,7.138,0,152513,975578.02,A
27,10/19/12,56.53,4.153,142.8633629,8,0,204184,1620374.24,A
28,10/19/12,68.66,4.449,131.1499677,10.199,0,206302,1143724.48,A
29,10/19/12,55.28,4,138.8336129,9.151,0,93638,516909.24,B
30,10/19/12,68.52,3.594,223.0598077,6.17,0,42988,437537.29,C
31,10/19/12,68.52,3.594,223.0598077,6.17,0,203750,1378730.45,A
32,10/19/12,53.57,3.75,199.1481963,7.557,0,203007,1199292.06,A
33,10/19/12,75.55,4.449,131.1499677,6.895,0,39690,254412.34,A
34,10/19/12,58.47,3.61,131.1499677,8.839,0,158114,963516.28,A
35,10/19/12,56.53,3.969,142.8633629,8.665,0,103681,829284.67,B
36,10/19/12,74.06,3.57,222.0951719,6.228,0,39910,287360.05,A
37,10/19/12,74.06,3.594,222.0951719,6.228,0,39910,551969.1,C
38,10/19/12,68.66,4.449,131.1499677,10.199,0,39690,428806.46,C
39,10/19/12,71.45,3.594,222.0951719,6.228,0,184109,1577486.33,A
40,10/19/12,46.33,4,138.8336129,4.145,0,155083,918170.5,A
41,10/19/12,49.56,3.75,199.1481963,6.195,0,196321,1326197.24,A
42,10/19/12,72.71,4.449,131.1499677,6.943,0,39690,541406.98,C
43,10/19/12,71.25,3.594,214.7212488,8.839,0,41062,623919.23,C
44,10/19/12,52.06,3.781,131.1499677,5.217,0,39910,323766.77,C
45,10/19/12,56.47,3.969,192.3308542,8.667,0,118221,718125.53,B
1,10/26/12,69.16,3.506,223.4442513,6.573,0,151315,1493659.74,A
2,10/26/12,69.79,3.506,223.0783366,6.17,0,202307,1834458.35,A
3,10/26/12,74.66,3.506,226.9873637,6.034,0,37392,405432.7,B
4,10/26/12,63.64,3.514,131.1930968,3.879,0,205863,2149594.46,A
5,10/26/12,71.7,3.506,224.0378139,5.422,0,34875,319550.77,B
6,10/26/12,72.34,3.506,225.0686254,5.329,0,202505,1431426.34,A
7,10/26/12,42.53,3.686,199.2195317,7.557,0,70713,495543.28,B
8,10/26/12,64.74,3.506,227.0369359,5.124,0,155078,891671.44,A
9,10/26/12,69.52,3.506,227.2328068,4.954,0,125833,549731.49,B
10,10/26/12,70.5,4.301,131.1930968,6.943,0,126512,1744349.05,B
11,10/26/12,74.26,3.506,226.9873637,6.034,0,207499,1200729.45,A
12,10/26/12,65.95,4.301,131.1930968,10.199,0,112238,974697.6,B
13,10/26/12,46.97,3.755,131.1930968,5.621,0,219622,2035189.66,A
14,10/26/12,58.85,3.882,192.3088989,8.667,0,200898,1704357.62,A
15,10/26/12,55.75,4.071,138.7281613,7.992,0,123737,558473.6,B
16,10/26/12,40.99,3.686,199.2195317,5.847,0,57197,475770.14,B
17,10/26/12,39.94,3.755,131.1930968,5.527,0,93188,943465.29,B
18,10/26/12,56.09,3.917,138.7281613,8.243,0,120653,1127516.25,B
19,10/26/12,56.49,4.071,138.7281613,7.992,0,203819,1322117.96,A
20,10/26/12,60.04,3.882,216.1515902,7.293,0,203742,2031650.55,A
21,10/26/12,70.5,3.506,223.0783366,6.17,0,140167,675202.87,B
22,10/26/12,57.58,3.917,142.7624113,7.543,0,119557,1094422.69,B
23,10/26/12,50.56,3.917,138.7281613,4.145,0,114533,1347454.59,B
24,10/26/12,55.16,4.071,138.7281613,8.693,0,203819,1307182.29,A
25,10/26/12,56.69,3.882,216.1515902,7.293,0,128107,688940.94,B
26,10/26/12,46.95,3.917,138.7281613,7.138,0,152513,958619.8,A
27,10/26/12,58.99,4.071,142.7624113,8,0,204184,1703047.74,A
28,10/26/12,65.95,4.301,131.1930968,10.199,0,206302,1213860.61,A
29,10/26/12,57.58,3.917,138.7281613,9.151,0,93638,534970.68,B
30,10/26/12,70.5,3.506,223.0783366,6.17,0,42988,439424.5,C
31,10/26/12,70.5,3.506,223.0783366,6.17,0,203750,1340232.55,A
32,10/26/12,47.22,3.686,199.2195317,7.557,0,203007,1219979.29,A
33,10/26/12,73.7,4.301,131.1930968,6.895,0,39690,253731.13,A
34,10/26/12,57.95,3.514,131.1930968,8.839,0,158114,956987.81,A
35,10/26/12,58.99,3.882,142.7624113,8.665,0,103681,865137.6,B
36,10/26/12,74.39,3.494,222.1136566,6.228,0,39910,272489.41,A
37,10/26/12,74.39,3.506,222.1136566,6.228,0,39910,534738.43,C
38,10/26/12,65.95,4.301,131.1930968,10.199,0,39690,417290.38,C
39,10/26/12,72.9,3.506,222.1136566,6.228,0,184109,1569502,A
40,10/26/12,49.65,3.917,138.7281613,4.145,0,155083,921264.52,A
41,10/26/12,41.8,3.686,199.2195317,6.195,0,196321,1316542.59,A
42,10/26/12,70.5,4.301,131.1930968,6.943,0,39690,514756.08,C
43,10/26/12,69.17,3.506,214.7415392,8.839,0,41062,587603.55,C
44,10/26/12,46.97,3.755,131.1930968,5.217,0,39910,361067.07,C
45,10/26/12,58.85,3.882,192.3088989,8.667,0,118221,760281.43,B